{"type": "orderbook_snapshot", "buy": [[6, 80000], [11, 1767], [12, 8000], [30, 200], [41, 50], [47, 75], [48, 20], [50, 250], [52, 1500], [53, 200], [54, 250], [56, 750], [58, 250], [59, 100], [61, 101]], "sell": [[99, 20], [94, 80000], [90, 200], [89, 8000], [74, 250], [72, 250], [70, 250], [68, 250], [67, 100], [66, 1500], [65, 200], [64, 375], [63, 500]]}
{"type": "orderbook_delta", "seq": 2, "price": 64, "quantity": -175, "ts": 1756428106.431419, "side": "sell"}
{"type": "orderbook_delta", "seq": 3, "price": 63, "quantity": -500, "ts": 1756428106.462184, "side": "sell"}
{"type": "orderbook_delta", "seq": 4, "price": 64, "quantity": 500, "ts": 1756428106.512609, "side": "sell"}
{"type": "orderbook_delta", "seq": 5, "price": 62, "quantity": 175, "ts": 1756428106.647911, "side": "sell"}
{"type": "orderbook_delta", "seq": 6, "price": 64, "quantity": -500, "ts": 1756428106.687298, "side": "sell"}
{"type": "orderbook_delta", "seq": 7, "price": 62, "quantity": 500, "ts": 1756428106.767507, "side": "sell"}
{"type": "orderbook_delta", "seq": 8, "price": 64, "quantity": -200, "ts": 1756428106.914167, "side": "sell"}
{"type": "orderbook_delta", "seq": 9, "price": 66, "quantity": -1250, "ts": 1756428106.914923, "side": "sell"}
{"type": "orderbook_delta", "seq": 10, "price": 53, "quantity": -200, "ts": 1756428106.917639, "side": "buy"}
{"type": "orderbook_delta", "seq": 11, "price": 89, "quantity": -8000, "ts": 1756428106.918731, "side": "sell"}
{"type": "orderbook_delta", "seq": 12, "price": 54, "quantity": 200, "ts": 1756428106.970361, "side": "buy"}
{"type": "orderbook_delta", "seq": 13, "price": 90, "quantity": 8000, "ts": 1756428106.973485, "side": "sell"}
{"type": "orderbook_delta", "seq": 14, "price": 65, "quantity": 200, "ts": 1756428106.97404, "side": "sell"}
{"type": "orderbook_delta", "seq": 15, "price": 67, "quantity": 1250, "ts": 1756428106.976804, "side": "sell"}
{"type": "orderbook_delta", "seq": 16, "price": 62, "quantity": -175, "ts": 1756428107.450495, "side": "sell"}
{"type": "orderbook_delta", "seq": 17, "price": 62, "quantity": -500, "ts": 1756428107.486794, "side": "sell"}
{"type": "orderbook_delta", "seq": 18, "price": 64, "quantity": 500, "ts": 1756428107.522317, "side": "sell"}
{"type": "orderbook_delta", "seq": 19, "price": 11, "quantity": -1767, "ts": 1756428107.728917, "side": "buy"}
{"type": "orderbook_delta", "seq": 20, "price": 7, "quantity": 2777, "ts": 1756428107.728917, "side": "buy"}
{"type": "orderbook_delta", "seq": 21, "price": 12, "quantity": -8000, "ts": 1756428107.775041, "side": "buy"}
{"type": "orderbook_delta", "seq": 22, "price": 8, "quantity": 8000, "ts": 1756428107.821005, "side": "buy"}
{"type": "orderbook_delta", "seq": 23, "price": 61, "quantity": -100, "ts": 1756428107.959007, "side": "buy"}
{"type": "orderbook_delta", "seq": 24, "price": 56, "quantity": -500, "ts": 1756428109.145647, "side": "buy"}
{"type": "orderbook_delta", "seq": 25, "price": 57, "quantity": 500, "ts": 1756428109.181909, "side": "buy"}
{"type": "orderbook_delta", "seq": 26, "price": 61, "quantity": 100, "ts": 1756428109.273699, "side": "buy"}
{"type": "orderbook_delta", "seq": 27, "price": 64, "quantity": 175, "ts": 1756428109.972724, "side": "sell"}
{"type": "orderbook_delta", "seq": 28, "price": 64, "quantity": -500, "ts": 1756428109.996978, "side": "sell"}
{"type": "orderbook_delta", "seq": 29, "price": 63, "quantity": 500, "ts": 1756428110.039484, "side": "sell"}
{"type": "orderbook_delta", "seq": 30, "price": 67, "quantity": -100, "ts": 1756428110.084857, "side": "sell"}
{"type": "orderbook_delta", "seq": 31, "price": 68, "quantity": 100, "ts": 1756428110.084857, "side": "sell"}
{"type": "orderbook_delta", "seq": 32, "price": 7, "quantity": -2777, "ts": 1756428110.685698, "side": "buy"}
{"type": "orderbook_delta", "seq": 33, "price": 9, "quantity": 2160, "ts": 1756428110.685698, "side": "buy"}
{"type": "orderbook_delta", "seq": 34, "price": 8, "quantity": -8000, "ts": 1756428110.744457, "side": "buy"}
{"type": "orderbook_delta", "seq": 35, "price": 10, "quantity": 8000, "ts": 1756428110.780171, "side": "buy"}
{"type": "orderbook_delta", "seq": 36, "price": 98, "quantity": 9720, "ts": 1756428110.825929, "side": "sell"}
{"type": "orderbook_delta", "seq": 37, "price": 97, "quantity": 7000, "ts": 1756428111.423233, "side": "sell"}
{"type": "orderbook_delta", "seq": 38, "price": 52, "quantity": -1250, "ts": 1756428111.614141, "side": "buy"}
{"type": "orderbook_delta", "seq": 39, "price": 53, "quantity": 1250, "ts": 1756428111.6491, "side": "buy"}
{"type": "orderbook_delta", "seq": 40, "price": 9, "quantity": -2160, "ts": 1756428111.899571, "side": "buy"}
{"type": "orderbook_delta", "seq": 41, "price": 11, "quantity": 1767, "ts": 1756428111.899571, "side": "buy"}
{"type": "orderbook_delta", "seq": 42, "price": 10, "quantity": -8000, "ts": 1756428111.987495, "side": "buy"}
{"type": "orderbook_delta", "seq": 43, "price": 53, "quantity": -1250, "ts": 1756428112.006589, "side": "buy"}
{"type": "orderbook_delta", "seq": 44, "price": 12, "quantity": 8000, "ts": 1756428112.03087, "side": "buy"}
{"type": "orderbook_delta", "seq": 45, "price": 52, "quantity": 1250, "ts": 1756428112.051368, "side": "buy"}
{"type": "orderbook_delta", "seq": 46, "price": 64, "quantity": -175, "ts": 1756428112.645715, "side": "sell"}
{"type": "orderbook_delta", "seq": 47, "price": 63, "quantity": -500, "ts": 1756428112.688162, "side": "sell"}
{"type": "orderbook_delta", "seq": 48, "price": 64, "quantity": 500, "ts": 1756428112.735465, "side": "sell"}
{"type": "orderbook_delta", "seq": 49, "price": 11, "quantity": -1767, "ts": 1756428112.809881, "side": "buy"}
{"type": "orderbook_delta", "seq": 50, "price": 12, "quantity": 1620, "ts": 1756428112.809881, "side": "buy"}
{"type": "orderbook_delta", "seq": 51, "price": 12, "quantity": -8000, "ts": 1756428112.843031, "side": "buy"}
{"type": "orderbook_delta", "seq": 52, "price": 62, "quantity": 175, "ts": 1756428112.85782, "side": "sell"}
{"type": "orderbook_delta", "seq": 53, "price": 13, "quantity": 8000, "ts": 1756428112.881382, "side": "buy"}
{"type": "orderbook_delta", "seq": 54, "price": 64, "quantity": -500, "ts": 1756428112.890219, "side": "sell"}
{"type": "orderbook_delta", "seq": 55, "price": 62, "quantity": 500, "ts": 1756428112.931669, "side": "sell"}
{"type": "orderbook_delta", "seq": 56, "price": 57, "quantity": -500, "ts": 1756428113.512247, "side": "buy"}
{"type": "orderbook_delta", "seq": 57, "price": 56, "quantity": 500, "ts": 1756428113.548625, "side": "buy"}
{"type": "orderbook_delta", "seq": 58, "price": 62, "quantity": -175, "ts": 1756428113.568447, "side": "sell"}
{"type": "orderbook_delta", "seq": 59, "price": 62, "quantity": -500, "ts": 1756428113.602355, "side": "sell"}
{"type": "orderbook_delta", "seq": 60, "price": 64, "quantity": 500, "ts": 1756428113.6441, "side": "sell"}
{"type": "orderbook_delta", "seq": 61, "price": 64, "quantity": 175, "ts": 1756428113.757202, "side": "sell"}
{"type": "orderbook_delta", "seq": 62, "price": 12, "quantity": -1620, "ts": 1756428113.762493, "side": "buy"}
{"type": "orderbook_delta", "seq": 63, "price": 7, "quantity": 2777, "ts": 1756428113.762493, "side": "buy"}
{"type": "orderbook_delta", "seq": 64, "price": 64, "quantity": -500, "ts": 1756428113.879159, "side": "sell"}
{"type": "orderbook_delta", "seq": 65, "price": 13, "quantity": -8000, "ts": 1756428113.882142, "side": "buy"}
{"type": "orderbook_delta", "seq": 66, "price": 63, "quantity": 500, "ts": 1756428113.913689, "side": "sell"}
{"type": "orderbook_delta", "seq": 67, "price": 8, "quantity": 8000, "ts": 1756428113.918854, "side": "buy"}
{"type": "orderbook_delta", "seq": 68, "price": 7, "quantity": -2777, "ts": 1756428114.641166, "side": "buy"}
{"type": "orderbook_delta", "seq": 69, "price": 9, "quantity": 2160, "ts": 1756428114.641166, "side": "buy"}
{"type": "orderbook_delta", "seq": 70, "price": 8, "quantity": -8000, "ts": 1756428114.68276, "side": "buy"}
{"type": "orderbook_delta", "seq": 71, "price": 10, "quantity": 8000, "ts": 1756428114.724662, "side": "buy"}
{"type": "orderbook_delta", "seq": 72, "price": 68, "quantity": -100, "ts": 1756428115.085735, "side": "sell"}
{"type": "orderbook_delta", "seq": 73, "price": 65, "quantity": 100, "ts": 1756428115.085735, "side": "sell"}
{"type": "orderbook_delta", "seq": 74, "price": 64, "quantity": -175, "ts": 1756428115.710233, "side": "sell"}
{"type": "orderbook_delta", "seq": 75, "price": 56, "quantity": -500, "ts": 1756428115.729031, "side": "buy"}
{"type": "orderbook_delta", "seq": 76, "price": 57, "quantity": 500, "ts": 1756428115.771842, "side": "buy"}
{"type": "orderbook_delta", "seq": 77, "price": 63, "quantity": -500, "ts": 1756428115.789035, "side": "sell"}
{"type": "orderbook_delta", "seq": 78, "price": 64, "quantity": 500, "ts": 1756428115.853643, "side": "sell"}
{"type": "orderbook_delta", "seq": 79, "price": 62, "quantity": 175, "ts": 1756428115.944499, "side": "sell"}
{"type": "orderbook_delta", "seq": 80, "price": 62, "quantity": -175, "ts": 1756428116.639084, "side": "sell"}
{"type": "orderbook_delta", "seq": 81, "price": 64, "quantity": 175, "ts": 1756428116.878687, "side": "sell"}
{"type": "orderbook_delta", "seq": 82, "price": 64, "quantity": -500, "ts": 1756428116.908705, "side": "sell"}
{"type": "orderbook_delta", "seq": 83, "price": 63, "quantity": 500, "ts": 1756428116.981927, "side": "sell"}
{"type": "orderbook_delta", "seq": 84, "price": 61, "quantity": 0, "ts": 1756428117.341819, "side": "buy"}
{"type": "trade", "seq": 8, "price": 61, "quantity": 1, "ts": 1756428117.341819, "side": "sell"}
{"type": "orderbook_delta", "seq": 85, "price": 61, "quantity": 0, "ts": 1756428117.341819, "side": "buy"}
{"type": "trade", "seq": 9, "price": 61, "quantity": 35, "ts": 1756428117.871338, "side": "sell"}
{"type": "orderbook_delta", "seq": 86, "price": 90, "quantity": -8000, "ts": 1756428117.871338, "side": "sell"}
{"type": "orderbook_delta", "seq": 87, "price": 57, "quantity": -500, "ts": 1756428117.871508, "side": "buy"}
{"type": "orderbook_delta", "seq": 88, "price": 67, "quantity": -1250, "ts": 1756428117.87284, "side": "sell"}
{"type": "orderbook_delta", "seq": 89, "price": 56, "quantity": 500, "ts": 1756428117.910639, "side": "buy"}
{"type": "orderbook_delta", "seq": 90, "price": 66, "quantity": 1250, "ts": 1756428117.910971, "side": "sell"}
{"type": "orderbook_delta", "seq": 91, "price": 89, "quantity": 8000, "ts": 1756428117.916515, "side": "sell"}
{"type": "orderbook_delta", "seq": 92, "price": 58, "quantity": -250, "ts": 1756428117.931467, "side": "buy"}
{"type": "orderbook_delta", "seq": 93, "price": 48, "quantity": 250, "ts": 1756428117.934587, "side": "buy"}
{"type": "orderbook_delta", "seq": 94, "price": 59, "quantity": -100, "ts": 1756428118.06374, "side": "buy"}
{"type": "orderbook_delta", "seq": 95, "price": 57, "quantity": 100, "ts": 1756428118.06374, "side": "buy"}
{"type": "orderbook_delta", "seq": 96, "price": 58, "quantity": 250, "ts": 1756428118.188237, "side": "buy"}
{"type": "orderbook_delta", "seq": 97, "price": 48, "quantity": -250, "ts": 1756428118.188452, "side": "buy"}
{"type": "orderbook_delta", "seq": 98, "price": 64, "quantity": -175, "ts": 1756428118.643023, "side": "sell"}
{"type": "orderbook_delta", "seq": 99, "price": 63, "quantity": -500, "ts": 1756428118.675592, "side": "sell"}
{"type": "orderbook_delta", "seq": 100, "price": 64, "quantity": 500, "ts": 1756428118.742643, "side": "sell"}
{"type": "orderbook_delta", "seq": 101, "price": 57, "quantity": -100, "ts": 1756428118.808209, "side": "buy"}
{"type": "orderbook_delta", "seq": 102, "price": 59, "quantity": 100, "ts": 1756428118.808209, "side": "buy"}
{"type": "orderbook_delta", "seq": 103, "price": 62, "quantity": 175, "ts": 1756428118.826845, "side": "sell"}
{"type": "orderbook_delta", "seq": 104, "price": 64, "quantity": -500, "ts": 1756428118.979957, "side": "sell"}
{"type": "orderbook_delta", "seq": 105, "price": 9, "quantity": -2160, "ts": 1756428118.989683, "side": "buy"}
{"type": "orderbook_delta", "seq": 106, "price": 11, "quantity": 1767, "ts": 1756428118.989683, "side": "buy"}
{"type": "orderbook_delta", "seq": 107, "price": 62, "quantity": 500, "ts": 1756428119.025405, "side": "sell"}
{"type": "orderbook_delta", "seq": 108, "price": 10, "quantity": -8000, "ts": 1756428119.147161, "side": "buy"}
{"type": "orderbook_delta", "seq": 109, "price": 12, "quantity": 8000, "ts": 1756428119.204551, "side": "buy"}
{"type": "orderbook_delta", "seq": 110, "price": 62, "quantity": -175, "ts": 1756428119.712244, "side": "sell"}
{"type": "orderbook_delta", "seq": 111, "price": 62, "quantity": -500, "ts": 1756428119.743407, "side": "sell"}
{"type": "orderbook_delta", "seq": 112, "price": 64, "quantity": 500, "ts": 1756428119.778592, "side": "sell"}
{"type": "orderbook_delta", "seq": 113, "price": 56, "quantity": -500, "ts": 1756428120.141665, "side": "buy"}
{"type": "orderbook_delta", "seq": 114, "price": 89, "quantity": -8000, "ts": 1756428120.148841, "side": "sell"}
{"type": "orderbook_delta", "seq": 115, "price": 66, "quantity": -1250, "ts": 1756428120.149493, "side": "sell"}
{"type": "orderbook_delta", "seq": 116, "price": 67, "quantity": 1250, "ts": 1756428120.206904, "side": "sell"}
{"type": "orderbook_delta", "seq": 117, "price": 90, "quantity": 8000, "ts": 1756428120.211258, "side": "sell"}
{"type": "orderbook_delta", "seq": 118, "price": 57, "quantity": 500, "ts": 1756428120.212611, "side": "buy"}
{"type": "orderbook_delta", "seq": 119, "price": 61, "quantity": -65, "ts": 1756428120.245904, "side": "buy"}
{"type": "orderbook_delta", "seq": 120, "price": 60, "quantity": 100, "ts": 1756428121.220275, "side": "buy"}
{"type": "orderbook_delta", "seq": 121, "price": 54, "quantity": -200, "ts": 1756428121.25686, "side": "buy"}
{"type": "orderbook_delta", "seq": 122, "price": 12, "quantity": -8000, "ts": 1756428121.257471, "side": "buy"}
{"type": "orderbook_delta", "seq": 123, "price": 65, "quantity": -200, "ts": 1756428121.258786, "side": "sell"}
{"type": "orderbook_delta", "seq": 124, "price": 52, "quantity": -1250, "ts": 1756428121.261887, "side": "buy"}
{"type": "orderbook_delta", "seq": 125, "price": 30, "quantity": 8000, "ts": 1756428121.304308, "side": "buy"}
{"type": "orderbook_delta", "seq": 126, "price": 66, "quantity": 200, "ts": 1756428121.30466, "side": "sell"}
{"type": "orderbook_delta", "seq": 127, "price": 55, "quantity": 200, "ts": 1756428121.30597, "side": "buy"}
{"type": "orderbook_delta", "seq": 128, "price": 53, "quantity": 1250, "ts": 1756428121.308448, "side": "buy"}
{"type": "orderbook_delta", "seq": 129, "price": 66, "quantity": -250, "ts": 1756428121.812581, "side": "sell"}
{"type": "orderbook_delta", "seq": 130, "price": 76, "quantity": 250, "ts": 1756428121.819318, "side": "sell"}
{"type": "orderbook_delta", "seq": 131, "price": 57, "quantity": -500, "ts": 1756428121.853734, "side": "buy"}
{"type": "orderbook_delta", "seq": 132, "price": 67, "quantity": -1250, "ts": 1756428121.853913, "side": "sell"}
{"type": "orderbook_delta", "seq": 133, "price": 53, "quantity": -1250, "ts": 1756428121.854119, "side": "buy"}
{"type": "orderbook_delta", "seq": 134, "price": 90, "quantity": -8000, "ts": 1756428121.854175, "side": "sell"}
{"type": "orderbook_delta", "seq": 135, "price": 66, "quantity": -200, "ts": 1756428121.854863, "side": "sell"}
{"type": "orderbook_delta", "seq": 136, "price": 64, "quantity": -500, "ts": 1756428121.85493, "side": "sell"}
{"type": "orderbook_delta", "seq": 137, "price": 30, "quantity": -8000, "ts": 1756428121.889834, "side": "buy"}
{"type": "orderbook_delta", "seq": 138, "price": 65, "quantity": -100, "ts": 1756428121.892036, "side": "sell"}
{"type": "orderbook_delta", "seq": 139, "price": 66, "quantity": 100, "ts": 1756428121.892036, "side": "sell"}
{"type": "orderbook_delta", "seq": 140, "price": 48, "quantity": 250, "ts": 1756428121.893553, "side": "buy"}
{"type": "orderbook_delta", "seq": 141, "price": 58, "quantity": -250, "ts": 1756428121.896532, "side": "buy"}
{"type": "orderbook_delta", "seq": 142, "price": 90, "quantity": -200, "ts": 1756428121.93071, "side": "sell"}
{"type": "orderbook_delta", "seq": 143, "price": 78, "quantity": 250, "ts": 1756428121.934993, "side": "sell"}
{"type": "orderbook_delta", "seq": 144, "price": 63, "quantity": 210, "ts": 1756428121.95136, "side": "sell"}
{"type": "orderbook_delta", "seq": 145, "price": 55, "quantity": -200, "ts": 1756428121.989805, "side": "buy"}
{"type": "orderbook_delta", "seq": 146, "price": 66, "quantity": -100, "ts": 1756428122.001905, "side": "sell"}
{"type": "orderbook_delta", "seq": 147, "price": 67, "quantity": 100, "ts": 1756428122.001905, "side": "sell"}
{"type": "orderbook_delta", "seq": 148, "price": 68, "quantity": -250, "ts": 1756428122.014874, "side": "sell"}
{"type": "orderbook_delta", "seq": 149, "price": 65, "quantity": -200, "ts": 1756428122.017121, "side": "sell"}
{"type": "orderbook_delta", "seq": 150, "price": 66, "quantity": 200, "ts": 1756428122.017121, "side": "sell"}
{"type": "orderbook_delta", "seq": 151, "price": 11, "quantity": -1767, "ts": 1756428122.029937, "side": "buy"}
{"type": "orderbook_delta", "seq": 152, "price": 7, "quantity": 2777, "ts": 1756428122.029937, "side": "buy"}
{"type": "orderbook_delta", "seq": 153, "price": 57, "quantity": 1250, "ts": 1756428122.030664, "side": "buy"}
{"type": "orderbook_delta", "seq": 154, "price": 67, "quantity": 500, "ts": 1756428122.031951, "side": "sell"}
{"type": "orderbook_delta", "seq": 155, "price": 61, "quantity": 500, "ts": 1756428122.035991, "side": "buy"}
{"type": "orderbook_delta", "seq": 156, "price": 57, "quantity": 200, "ts": 1756428122.036509, "side": "buy"}
{"type": "orderbook_delta", "seq": 157, "price": 31, "quantity": 8000, "ts": 1756428122.036843, "side": "buy"}
{"type": "orderbook_delta", "seq": 158, "price": 97, "quantity": 8000, "ts": 1756428122.03896, "side": "sell"}
{"type": "orderbook_delta", "seq": 159, "price": 71, "quantity": 1250, "ts": 1756428122.039978, "side": "sell"}
{"type": "orderbook_delta", "seq": 160, "price": 69, "quantity": 200, "ts": 1756428122.040368, "side": "sell"}
{"type": "orderbook_delta", "seq": 161, "price": 67, "quantity": -100, "ts": 1756428122.051759, "side": "sell"}
{"type": "orderbook_delta", "seq": 162, "price": 68, "quantity": 100, "ts": 1756428122.051759, "side": "sell"}
{"type": "orderbook_delta", "seq": 163, "price": 58, "quantity": 250, "ts": 1756428122.07974, "side": "buy"}
{"type": "orderbook_delta", "seq": 164, "price": 68, "quantity": 250, "ts": 1756428122.095984, "side": "sell"}
{"type": "orderbook_delta", "seq": 165, "price": 59, "quantity": -100, "ts": 1756428122.101875, "side": "buy"}
{"type": "orderbook_delta", "seq": 166, "price": 62, "quantity": 100, "ts": 1756428122.101875, "side": "buy"}
{"type": "orderbook_delta", "seq": 167, "price": 48, "quantity": -250, "ts": 1756428122.106509, "side": "buy"}
{"type": "orderbook_delta", "seq": 168, "price": 66, "quantity": -200, "ts": 1756428122.109307, "side": "sell"}
{"type": "orderbook_delta", "seq": 169, "price": 68, "quantity": 200, "ts": 1756428122.109307, "side": "sell"}
{"type": "orderbook_delta", "seq": 170, "price": 57, "quantity": -200, "ts": 1756428122.111301, "side": "buy"}
{"type": "orderbook_delta", "seq": 171, "price": 78, "quantity": -250, "ts": 1756428122.126766, "side": "sell"}
{"type": "orderbook_delta", "seq": 172, "price": 60, "quantity": 250, "ts": 1756428122.131792, "side": "buy"}
{"type": "orderbook_delta", "seq": 173, "price": 50, "quantity": -250, "ts": 1756428122.146633, "side": "buy"}
{"type": "orderbook_delta", "seq": 174, "price": 58, "quantity": 200, "ts": 1756428122.155529, "side": "buy"}
{"type": "orderbook_delta", "seq": 175, "price": 69, "quantity": -200, "ts": 1756428122.185468, "side": "sell"}
{"type": "orderbook_delta", "seq": 176, "price": 68, "quantity": -200, "ts": 1756428122.186266, "side": "sell"}
{"type": "orderbook_delta", "seq": 177, "price": 70, "quantity": 200, "ts": 1756428122.186266, "side": "sell"}
{"type": "orderbook_delta", "seq": 178, "price": 58, "quantity": -200, "ts": 1756428122.199668, "side": "buy"}
{"type": "orderbook_delta", "seq": 179, "price": 59, "quantity": 200, "ts": 1756428122.240758, "side": "buy"}
{"type": "orderbook_delta", "seq": 180, "price": 70, "quantity": 200, "ts": 1756428122.245091, "side": "sell"}
{"type": "orderbook_delta", "seq": 181, "price": 70, "quantity": -200, "ts": 1756428122.476847, "side": "sell"}
{"type": "orderbook_delta", "seq": 182, "price": 68, "quantity": -250, "ts": 1756428122.477795, "side": "sell"}
{"type": "orderbook_delta", "seq": 183, "price": 78, "quantity": 250, "ts": 1756428122.479405, "side": "sell"}
{"type": "orderbook_delta", "seq": 184, "price": 59, "quantity": -200, "ts": 1756428122.479696, "side": "buy"}
{"type": "orderbook_delta", "seq": 185, "price": 71, "quantity": -1250, "ts": 1756428122.479753, "side": "sell"}
{"type": "orderbook_delta", "seq": 186, "price": 80, "quantity": 250, "ts": 1756428122.484398, "side": "sell"}
{"type": "orderbook_delta", "seq": 187, "price": 57, "quantity": -1250, "ts": 1756428122.485878, "side": "buy"}
{"type": "orderbook_delta", "seq": 188, "price": 61, "quantity": -500, "ts": 1756428122.49078, "side": "buy"}
{"type": "orderbook_delta", "seq": 189, "price": 70, "quantity": -200, "ts": 1756428122.504946, "side": "sell"}
{"type": "orderbook_delta", "seq": 190, "price": 71, "quantity": 200, "ts": 1756428122.504946, "side": "sell"}
{"type": "orderbook_delta", "seq": 191, "price": 70, "quantity": -250, "ts": 1756428122.507121, "side": "sell"}
{"type": "orderbook_delta", "seq": 192, "price": 62, "quantity": 500, "ts": 1756428122.535439, "side": "buy"}
{"type": "orderbook_delta", "seq": 193, "price": 62, "quantity": -100, "ts": 1756428122.546346, "side": "buy"}
{"type": "orderbook_delta", "seq": 194, "price": 61, "quantity": 100, "ts": 1756428122.546346, "side": "buy"}
{"type": "orderbook_delta", "seq": 195, "price": 68, "quantity": -100, "ts": 1756428122.602107, "side": "sell"}
{"type": "orderbook_delta", "seq": 196, "price": 69, "quantity": 100, "ts": 1756428122.602107, "side": "sell"}
{"type": "orderbook_delta", "seq": 197, "price": 57, "quantity": 1250, "ts": 1756428122.615905, "side": "buy"}
{"type": "orderbook_delta", "seq": 198, "price": 72, "quantity": 1250, "ts": 1756428122.616875, "side": "sell"}
{"type": "orderbook_delta", "seq": 199, "price": 59, "quantity": 200, "ts": 1756428122.617454, "side": "buy"}
{"type": "orderbook_delta", "seq": 200, "price": 70, "quantity": 200, "ts": 1756428122.665967, "side": "sell"}
{"type": "orderbook_delta", "seq": 201, "price": 67, "quantity": -500, "ts": 1756428122.687829, "side": "sell"}
{"type": "orderbook_delta", "seq": 202, "price": 57, "quantity": -1250, "ts": 1756428122.717306, "side": "buy"}
{"type": "orderbook_delta", "seq": 203, "price": 59, "quantity": -200, "ts": 1756428122.730769, "side": "buy"}
{"type": "orderbook_delta", "seq": 204, "price": 69, "quantity": -100, "ts": 1756428122.732217, "side": "sell"}
{"type": "orderbook_delta", "seq": 205, "price": 70, "quantity": 100, "ts": 1756428122.732217, "side": "sell"}
{"type": "orderbook_delta", "seq": 206, "price": 68, "quantity": 500, "ts": 1756428122.739512, "side": "sell"}
{"type": "orderbook_delta", "seq": 207, "price": 70, "quantity": -200, "ts": 1756428122.749568, "side": "sell"}
{"type": "orderbook_delta", "seq": 208, "price": 59, "quantity": 1250, "ts": 1756428122.770723, "side": "buy"}
{"type": "orderbook_delta", "seq": 209, "price": 71, "quantity": 200, "ts": 1756428122.782242, "side": "sell"}
{"type": "orderbook_delta", "seq": 210, "price": 60, "quantity": 200, "ts": 1756428122.784393, "side": "buy"}
{"type": "orderbook_delta", "seq": 211, "price": 68, "quantity": -500, "ts": 1756428122.790754, "side": "sell"}
{"type": "orderbook_delta", "seq": 212, "price": 69, "quantity": 500, "ts": 1756428122.866895, "side": "sell"}
{"type": "orderbook_delta", "seq": 213, "price": 98, "quantity": -9720, "ts": 1756428123.035717, "side": "sell"}
{"type": "orderbook_delta", "seq": 214, "price": 97, "quantity": -8000, "ts": 1756428123.073106, "side": "sell"}
{"type": "orderbook_delta", "seq": 215, "price": 97, "quantity": -7000, "ts": 1756428123.075088, "side": "sell"}
{"type": "trade", "seq": 10, "price": 63, "quantity": 210, "ts": 1756428123.177174, "side": "buy"}
{"type": "orderbook_delta", "seq": 216, "price": 98, "quantity": 8000, "ts": 1756428123.177174, "side": "sell"}
{"type": "orderbook_delta", "seq": 217, "price": 63, "quantity": 0, "ts": 1756428123.179115, "side": "sell"}
{"type": "orderbook_delta", "seq": 218, "price": 54, "quantity": -250, "ts": 1756428123.220264, "side": "buy"}
{"type": "orderbook_delta", "seq": 219, "price": 64, "quantity": 250, "ts": 1756428123.233103, "side": "buy"}
{"type": "orderbook_delta", "seq": 220, "price": 62, "quantity": 250, "ts": 1756428123.236411, "side": "buy"}
{"type": "orderbook_delta", "seq": 221, "price": 52, "quantity": -250, "ts": 1756428123.237023, "side": "buy"}
{"type": "orderbook_delta", "seq": 222, "price": 62, "quantity": -500, "ts": 1756428123.285315, "side": "buy"}
{"type": "orderbook_delta", "seq": 223, "price": 69, "quantity": 210, "ts": 1756428123.315888, "side": "sell"}
{"type": "orderbook_delta", "seq": 224, "price": 63, "quantity": 500, "ts": 1756428123.332081, "side": "buy"}
{"type": "orderbook_delta", "seq": 225, "price": 61, "quantity": -100, "ts": 1756428123.370953, "side": "buy"}
{"type": "orderbook_delta", "seq": 226, "price": 65, "quantity": 100, "ts": 1756428123.370953, "side": "buy"}
{"type": "orderbook_delta", "seq": 227, "price": 69, "quantity": -500, "ts": 1756428123.387304, "side": "sell"}
{"type": "orderbook_delta", "seq": 228, "price": 68, "quantity": 500, "ts": 1756428123.43237, "side": "sell"}
{"type": "orderbook_delta", "seq": 229, "price": 60, "quantity": -100, "ts": 1756428124.018509, "side": "buy"}
{"type": "orderbook_delta", "seq": 230, "price": 54, "quantity": 250, "ts": 1756428124.14022, "side": "buy"}
{"type": "orderbook_delta", "seq": 231, "price": 69, "quantity": -210, "ts": 1756428124.184793, "side": "sell"}
{"type": "orderbook_delta", "seq": 232, "price": 64, "quantity": -250, "ts": 1756428124.216666, "side": "buy"}
{"type": "orderbook_delta", "seq": 233, "price": 68, "quantity": 210, "ts": 1756428124.280499, "side": "sell"}
{"type": "orderbook_delta", "seq": 234, "price": 68, "quantity": -500, "ts": 1756428124.294991, "side": "sell"}
{"type": "orderbook_delta", "seq": 235, "price": 69, "quantity": 500, "ts": 1756428124.355531, "side": "sell"}
{"type": "orderbook_delta", "seq": 236, "price": 69, "quantity": -500, "ts": 1756428124.486841, "side": "sell"}
{"type": "orderbook_delta", "seq": 237, "price": 68, "quantity": 500, "ts": 1756428124.530273, "side": "sell"}
{"type": "orderbook_delta", "seq": 238, "price": 71, "quantity": -200, "ts": 1756428124.829962, "side": "sell"}
{"type": "orderbook_delta", "seq": 239, "price": 60, "quantity": -200, "ts": 1756428124.830015, "side": "buy"}
{"type": "orderbook_delta", "seq": 240, "price": 68, "quantity": -500, "ts": 1756428124.830068, "side": "sell"}
{"type": "orderbook_delta", "seq": 241, "price": 72, "quantity": -1250, "ts": 1756428124.83012, "side": "sell"}
{"type": "orderbook_delta", "seq": 242, "price": 59, "quantity": -1250, "ts": 1756428124.830519, "side": "buy"}
{"type": "orderbook_delta", "seq": 243, "price": 72, "quantity": 200, "ts": 1756428124.877258, "side": "sell"}
{"type": "orderbook_delta", "seq": 244, "price": 73, "quantity": 1250, "ts": 1756428124.879087, "side": "sell"}
{"type": "orderbook_delta", "seq": 245, "price": 60, "quantity": 1250, "ts": 1756428124.879367, "side": "buy"}
{"type": "orderbook_delta", "seq": 246, "price": 61, "quantity": 200, "ts": 1756428124.879608, "side": "buy"}
{"type": "orderbook_delta", "seq": 247, "price": 69, "quantity": 500, "ts": 1756428124.882237, "side": "sell"}
{"type": "orderbook_delta", "seq": 248, "price": 60, "quantity": -1250, "ts": 1756428125.249143, "side": "buy"}
{"type": "orderbook_delta", "seq": 249, "price": 59, "quantity": 1250, "ts": 1756428125.324733, "side": "buy"}
{"type": "orderbook_delta", "seq": 250, "price": 65, "quantity": -100, "ts": 1756428125.546496, "side": "buy"}
{"type": "orderbook_delta", "seq": 251, "price": 64, "quantity": 100, "ts": 1756428125.546496, "side": "buy"}
{"type": "orderbook_delta", "seq": 252, "price": 63, "quantity": -500, "ts": 1756428125.581824, "side": "buy"}
{"type": "orderbook_delta", "seq": 253, "price": 64, "quantity": 500, "ts": 1756428125.625415, "side": "buy"}
{"type": "orderbook_delta", "seq": 254, "price": 65, "quantity": 100, "ts": 1756428125.718419, "side": "buy"}
{"type": "orderbook_delta", "seq": 255, "price": 70, "quantity": 10, "ts": 1756428126.036934, "side": "sell"}
{"type": "orderbook_delta", "seq": 256, "price": 68, "quantity": 100, "ts": 1756428126.450576, "side": "sell"}
{"type": "orderbook_delta", "seq": 257, "price": 64, "quantity": -500, "ts": 1756428127.058011, "side": "buy"}
{"type": "orderbook_delta", "seq": 258, "price": 63, "quantity": 500, "ts": 1756428127.134552, "side": "buy"}
{"type": "orderbook_delta", "seq": 259, "price": 64, "quantity": 250, "ts": 1756428128.00286, "side": "buy"}
{"type": "orderbook_delta", "seq": 260, "price": 54, "quantity": -250, "ts": 1756428128.003573, "side": "buy"}
{"type": "orderbook_delta", "seq": 261, "price": 64, "quantity": -100, "ts": 1756428128.055707, "side": "buy"}
{"type": "orderbook_delta", "seq": 262, "price": 65, "quantity": 100, "ts": 1756428128.055707, "side": "buy"}
{"type": "orderbook_delta", "seq": 263, "price": 59, "quantity": -1250, "ts": 1756428129.3597, "side": "buy"}
{"type": "orderbook_delta", "seq": 264, "price": 63, "quantity": -500, "ts": 1756428129.360958, "side": "buy"}
{"type": "orderbook_delta", "seq": 265, "price": 60, "quantity": 1250, "ts": 1756428129.407736, "side": "buy"}
{"type": "orderbook_delta", "seq": 266, "price": 69, "quantity": -500, "ts": 1756428129.470115, "side": "sell"}
{"type": "orderbook_delta", "seq": 267, "price": 73, "quantity": -1250, "ts": 1756428129.474744, "side": "sell"}
{"type": "orderbook_delta", "seq": 268, "price": 74, "quantity": 1250, "ts": 1756428129.506901, "side": "sell"}
{"type": "orderbook_delta", "seq": 269, "price": 70, "quantity": 500, "ts": 1756428129.50823, "side": "sell"}
{"type": "orderbook_delta", "seq": 270, "price": 71, "quantity": -200, "ts": 1756428129.54078, "side": "sell"}
{"type": "orderbook_delta", "seq": 271, "price": 72, "quantity": 200, "ts": 1756428129.54078, "side": "sell"}
{"type": "orderbook_delta", "seq": 272, "price": 70, "quantity": -100, "ts": 1756428129.62236, "side": "sell"}
{"type": "orderbook_delta", "seq": 273, "price": 71, "quantity": 100, "ts": 1756428129.62236, "side": "sell"}
{"type": "orderbook_delta", "seq": 274, "price": 64, "quantity": 500, "ts": 1756428129.674165, "side": "buy"}
{"type": "orderbook_delta", "seq": 275, "price": 65, "quantity": -100, "ts": 1756428129.680278, "side": "buy"}
{"type": "orderbook_delta", "seq": 276, "price": 64, "quantity": 100, "ts": 1756428129.680278, "side": "buy"}
{"type": "orderbook_delta", "seq": 277, "price": 74, "quantity": -1250, "ts": 1756428129.775244, "side": "sell"}
{"type": "orderbook_delta", "seq": 278, "price": 70, "quantity": -500, "ts": 1756428129.775609, "side": "sell"}
{"type": "orderbook_delta", "seq": 279, "price": 72, "quantity": -200, "ts": 1756428129.776733, "side": "sell"}
{"type": "orderbook_delta", "seq": 280, "price": 60, "quantity": -1250, "ts": 1756428129.776808, "side": "buy"}
{"type": "orderbook_delta", "seq": 281, "price": 64, "quantity": -500, "ts": 1756428129.805719, "side": "buy"}
{"type": "orderbook_delta", "seq": 282, "price": 61, "quantity": -200, "ts": 1756428129.821853, "side": "buy"}
{"type": "orderbook_delta", "seq": 283, "price": 71, "quantity": 500, "ts": 1756428129.906127, "side": "sell"}
{"type": "orderbook_delta", "seq": 284, "price": 75, "quantity": 1250, "ts": 1756428129.906594, "side": "sell"}
{"type": "orderbook_delta", "seq": 285, "price": 73, "quantity": 200, "ts": 1756428129.906832, "side": "sell"}
{"type": "orderbook_delta", "seq": 286, "price": 62, "quantity": 200, "ts": 1756428129.907067, "side": "buy"}
{"type": "orderbook_delta", "seq": 287, "price": 61, "quantity": 1250, "ts": 1756428129.907289, "side": "buy"}
{"type": "orderbook_delta", "seq": 288, "price": 65, "quantity": 500, "ts": 1756428129.907502, "side": "buy"}
{"type": "orderbook_delta", "seq": 289, "price": 72, "quantity": -200, "ts": 1756428129.908722, "side": "sell"}
{"type": "orderbook_delta", "seq": 290, "price": 74, "quantity": 200, "ts": 1756428129.908722, "side": "sell"}
{"type": "orderbook_delta", "seq": 291, "price": 71, "quantity": -100, "ts": 1756428129.96105, "side": "sell"}
{"type": "orderbook_delta", "seq": 292, "price": 72, "quantity": 100, "ts": 1756428129.96105, "side": "sell"}
{"type": "orderbook_delta", "seq": 293, "price": 82, "quantity": 250, "ts": 1756428130.130156, "side": "sell"}
{"type": "orderbook_delta", "seq": 294, "price": 68, "quantity": -210, "ts": 1756428130.130993, "side": "sell"}
{"type": "orderbook_delta", "seq": 295, "price": 72, "quantity": -250, "ts": 1756428130.14653, "side": "sell"}
{"type": "orderbook_delta", "seq": 296, "price": 69, "quantity": 210, "ts": 1756428130.191933, "side": "sell"}
{"type": "orderbook_delta", "seq": 297, "price": 69, "quantity": -210, "ts": 1756428130.274394, "side": "sell"}
{"type": "orderbook_delta", "seq": 298, "price": 73, "quantity": -200, "ts": 1756428130.279976, "side": "sell"}
{"type": "orderbook_delta", "seq": 299, "price": 65, "quantity": -500, "ts": 1756428130.280385, "side": "buy"}
{"type": "orderbook_delta", "seq": 300, "price": 71, "quantity": -500, "ts": 1756428130.280626, "side": "sell"}
{"type": "orderbook_delta", "seq": 301, "price": 62, "quantity": -200, "ts": 1756428130.281208, "side": "buy"}
{"type": "orderbook_delta", "seq": 302, "price": 61, "quantity": -1250, "ts": 1756428130.281511, "side": "buy"}
{"type": "orderbook_delta", "seq": 303, "price": 75, "quantity": -1250, "ts": 1756428130.281642, "side": "sell"}
{"type": "orderbook_delta", "seq": 304, "price": 31, "quantity": -8000, "ts": 1756428130.281736, "side": "buy"}
{"type": "orderbook_delta", "seq": 305, "price": 71, "quantity": 210, "ts": 1756428130.336529, "side": "sell"}
{"type": "orderbook_delta", "seq": 306, "price": 76, "quantity": 1250, "ts": 1756428130.351364, "side": "sell"}
{"type": "orderbook_delta", "seq": 307, "price": 63, "quantity": 1250, "ts": 1756428130.351673, "side": "buy"}
{"type": "orderbook_delta", "seq": 308, "price": 64, "quantity": 200, "ts": 1756428130.351972, "side": "buy"}
{"type": "orderbook_delta", "seq": 309, "price": 72, "quantity": 500, "ts": 1756428130.352199, "side": "sell"}
{"type": "orderbook_delta", "seq": 310, "price": 75, "quantity": 200, "ts": 1756428130.352789, "side": "sell"}
{"type": "orderbook_delta", "seq": 311, "price": 42, "quantity": 8000, "ts": 1756428130.353064, "side": "buy"}
{"type": "orderbook_delta", "seq": 312, "price": 66, "quantity": 500, "ts": 1756428130.360776, "side": "buy"}
{"type": "orderbook_delta", "seq": 313, "price": 64, "quantity": -100, "ts": 1756428130.451774, "side": "buy"}
{"type": "orderbook_delta", "seq": 314, "price": 66, "quantity": 100, "ts": 1756428130.451774, "side": "buy"}
{"type": "orderbook_delta", "seq": 315, "price": 66, "quantity": -500, "ts": 1756428130.499764, "side": "buy"}
{"type": "orderbook_delta", "seq": 316, "price": 67, "quantity": 500, "ts": 1756428130.537972, "side": "buy"}
{"type": "orderbook_delta", "seq": 317, "price": 66, "quantity": -100, "ts": 1756428130.547131, "side": "buy"}
{"type": "orderbook_delta", "seq": 318, "price": 65, "quantity": 100, "ts": 1756428130.547131, "side": "buy"}
{"type": "trade", "seq": 11, "price": 68, "quantity": 71, "ts": 1756428130.555257, "side": "buy"}
{"type": "orderbook_delta", "seq": 319, "price": 68, "quantity": 0, "ts": 1756428130.555257, "side": "sell"}
{"type": "orderbook_delta", "seq": 320, "price": 67, "quantity": -500, "ts": 1756428130.586972, "side": "buy"}
{"type": "orderbook_delta", "seq": 321, "price": 66, "quantity": 500, "ts": 1756428130.647341, "side": "buy"}
{"type": "orderbook_delta", "seq": 322, "price": 56, "quantity": -250, "ts": 1756428131.116653, "side": "buy"}
{"type": "orderbook_delta", "seq": 323, "price": 66, "quantity": 250, "ts": 1756428131.11869, "side": "buy"}
{"type": "orderbook_delta", "seq": 324, "price": 66, "quantity": -500, "ts": 1756428131.15165, "side": "buy"}
{"type": "orderbook_delta", "seq": 325, "price": 67, "quantity": 500, "ts": 1756428131.19218, "side": "buy"}
{"type": "orderbook_delta", "seq": 326, "price": 72, "quantity": -100, "ts": 1756428131.472535, "side": "sell"}
{"type": "orderbook_delta", "seq": 327, "price": 71, "quantity": 100, "ts": 1756428131.472535, "side": "sell"}
{"type": "orderbook_delta", "seq": 328, "price": 72, "quantity": -500, "ts": 1756428131.595183, "side": "sell"}
{"type": "orderbook_delta", "seq": 329, "price": 73, "quantity": 500, "ts": 1756428131.634997, "side": "sell"}
{"type": "orderbook_delta", "seq": 330, "price": 65, "quantity": -100, "ts": 1756428132.088283, "side": "buy"}
{"type": "orderbook_delta", "seq": 331, "price": 67, "quantity": 100, "ts": 1756428132.088283, "side": "buy"}
{"type": "orderbook_delta", "seq": 332, "price": 71, "quantity": -210, "ts": 1756428132.11345, "side": "sell"}
{"type": "orderbook_delta", "seq": 333, "price": 71, "quantity": -100, "ts": 1756428132.160589, "side": "sell"}
{"type": "orderbook_delta", "seq": 334, "price": 72, "quantity": 100, "ts": 1756428132.160589, "side": "sell"}
{"type": "orderbook_delta", "seq": 335, "price": 73, "quantity": -500, "ts": 1756428132.192367, "side": "sell"}
{"type": "orderbook_delta", "seq": 336, "price": 70, "quantity": 210, "ts": 1756428132.226792, "side": "sell"}
{"type": "orderbook_delta", "seq": 337, "price": 72, "quantity": 500, "ts": 1756428132.26873, "side": "sell"}
{"type": "orderbook_delta", "seq": 338, "price": 65, "quantity": -100, "ts": 1756428132.576091, "side": "buy"}
{"type": "orderbook_delta", "seq": 339, "price": 68, "quantity": -29, "ts": 1756428132.844298, "side": "sell"}
{"type": "orderbook_delta", "seq": 340, "price": 41, "quantity": -50, "ts": 1756428134.010892, "side": "buy"}
{"type": "orderbook_delta", "seq": 341, "price": 67, "quantity": 100, "ts": 1756428134.035809, "side": "buy"}
{"type": "orderbook_delta", "seq": 342, "price": 42, "quantity": -8000, "ts": 1756428134.10275, "side": "buy"}
{"type": "orderbook_delta", "seq": 343, "price": 31, "quantity": 8000, "ts": 1756428134.133249, "side": "buy"}
{"type": "orderbook_delta", "seq": 344, "price": 66, "quantity": -250, "ts": 1756428134.141167, "side": "buy"}
{"type": "orderbook_delta", "seq": 345, "price": 56, "quantity": 250, "ts": 1756428134.141229, "side": "buy"}
{"type": "orderbook_delta", "seq": 346, "price": 72, "quantity": -500, "ts": 1756428134.430584, "side": "sell"}
{"type": "orderbook_delta", "seq": 347, "price": 76, "quantity": -1250, "ts": 1756428134.431095, "side": "sell"}
{"type": "orderbook_delta", "seq": 348, "price": 67, "quantity": -500, "ts": 1756428134.432468, "side": "buy"}
{"type": "orderbook_delta", "seq": 349, "price": 63, "quantity": -1250, "ts": 1756428134.434512, "side": "buy"}
{"type": "orderbook_delta", "seq": 350, "price": 74, "quantity": -200, "ts": 1756428134.44431, "side": "sell"}
{"type": "orderbook_delta", "seq": 351, "price": 72, "quantity": 200, "ts": 1756428134.44431, "side": "sell"}
{"type": "orderbook_delta", "seq": 352, "price": 75, "quantity": -200, "ts": 1756428134.456749, "side": "sell"}
{"type": "orderbook_delta", "seq": 353, "price": 67, "quantity": -100, "ts": 1756428134.480977, "side": "buy"}
{"type": "orderbook_delta", "seq": 354, "price": 65, "quantity": 100, "ts": 1756428134.480977, "side": "buy"}
{"type": "orderbook_delta", "seq": 355, "price": 64, "quantity": -200, "ts": 1756428134.615955, "side": "buy"}
{"type": "orderbook_delta", "seq": 356, "price": 75, "quantity": 1250, "ts": 1756428134.683775, "side": "sell"}
{"type": "orderbook_delta", "seq": 357, "price": 65, "quantity": 500, "ts": 1756428134.684996, "side": "buy"}
{"type": "orderbook_delta", "seq": 358, "price": 63, "quantity": 200, "ts": 1756428134.686667, "side": "buy"}
{"type": "orderbook_delta", "seq": 359, "price": 74, "quantity": 200, "ts": 1756428134.687192, "side": "sell"}
{"type": "orderbook_delta", "seq": 360, "price": 61, "quantity": 1250, "ts": 1756428134.687796, "side": "buy"}
{"type": "orderbook_delta", "seq": 361, "price": 70, "quantity": 100, "ts": 1756428134.75446, "side": "sell"}
{"type": "orderbook_delta", "seq": 362, "price": 63, "quantity": -200, "ts": 1756428134.796723, "side": "buy"}
{"type": "orderbook_delta", "seq": 363, "price": 65, "quantity": -500, "ts": 1756428134.796852, "side": "buy"}
{"type": "orderbook_delta", "seq": 364, "price": 74, "quantity": -200, "ts": 1756428134.798384, "side": "sell"}
{"type": "orderbook_delta", "seq": 365, "price": 61, "quantity": -1250, "ts": 1756428134.798517, "side": "buy"}
{"type": "orderbook_delta", "seq": 366, "price": 75, "quantity": -1250, "ts": 1756428134.799131, "side": "sell"}
{"type": "orderbook_delta", "seq": 367, "price": 71, "quantity": 500, "ts": 1756428134.898101, "side": "sell"}
{"type": "orderbook_delta", "seq": 368, "price": 62, "quantity": 200, "ts": 1756428134.901865, "side": "buy"}
{"type": "orderbook_delta", "seq": 369, "price": 73, "quantity": 200, "ts": 1756428134.903579, "side": "sell"}
{"type": "orderbook_delta", "seq": 370, "price": 64, "quantity": 500, "ts": 1756428134.904643, "side": "buy"}
{"type": "orderbook_delta", "seq": 371, "price": 74, "quantity": 1250, "ts": 1756428134.910733, "side": "sell"}
{"type": "orderbook_delta", "seq": 372, "price": 60, "quantity": 1250, "ts": 1756428134.911291, "side": "buy"}
{"type": "orderbook_delta", "seq": 373, "price": 64, "quantity": -250, "ts": 1756428134.946423, "side": "buy"}
{"type": "orderbook_delta", "seq": 374, "price": 71, "quantity": -500, "ts": 1756428134.974243, "side": "sell"}
{"type": "orderbook_delta", "seq": 375, "price": 64, "quantity": -500, "ts": 1756428135.007285, "side": "buy"}
{"type": "orderbook_delta", "seq": 376, "price": 54, "quantity": 250, "ts": 1756428135.044257, "side": "buy"}
{"type": "orderbook_delta", "seq": 377, "price": 70, "quantity": 500, "ts": 1756428135.044658, "side": "sell"}
{"type": "orderbook_delta", "seq": 378, "price": 63, "quantity": 500, "ts": 1756428135.095039, "side": "buy"}
{"type": "orderbook_delta", "seq": 379, "price": 70, "quantity": -210, "ts": 1756428135.115698, "side": "sell"}
{"type": "orderbook_delta", "seq": 380, "price": 64, "quantity": 250, "ts": 1756428135.153276, "side": "buy"}
{"type": "orderbook_delta", "seq": 381, "price": 54, "quantity": -250, "ts": 1756428135.209188, "side": "buy"}
{"type": "orderbook_delta", "seq": 382, "price": 72, "quantity": 250, "ts": 1756428135.214433, "side": "sell"}
{"type": "orderbook_delta", "seq": 383, "price": 63, "quantity": -500, "ts": 1756428135.244615, "side": "buy"}
{"type": "orderbook_delta", "seq": 384, "price": 82, "quantity": -250, "ts": 1756428135.250679, "side": "sell"}
{"type": "orderbook_delta", "seq": 385, "price": 64, "quantity": 500, "ts": 1756428135.320779, "side": "buy"}
{"type": "orderbook_delta", "seq": 386, "price": 69, "quantity": 210, "ts": 1756428135.34409, "side": "sell"}
{"type": "orderbook_delta", "seq": 387, "price": 73, "quantity": -200, "ts": 1756428136.275382, "side": "sell"}
{"type": "orderbook_delta", "seq": 388, "price": 62, "quantity": -200, "ts": 1756428136.275435, "side": "buy"}
{"type": "orderbook_delta", "seq": 389, "price": 61, "quantity": 200, "ts": 1756428136.331441, "side": "buy"}
{"type": "orderbook_delta", "seq": 390, "price": 72, "quantity": 200, "ts": 1756428136.335736, "side": "sell"}
{"type": "orderbook_delta", "seq": 391, "price": 67, "quantity": -100, "ts": 1756428136.538641, "side": "buy"}
{"type": "orderbook_delta", "seq": 392, "price": 68, "quantity": 71, "ts": 1756428136.785769, "side": "buy"}
{"type": "orderbook_delta", "seq": 393, "price": 74, "quantity": -1250, "ts": 1756428136.85794, "side": "sell"}
{"type": "orderbook_delta", "seq": 394, "price": 70, "quantity": -500, "ts": 1756428136.863769, "side": "sell"}
{"type": "orderbook_delta", "seq": 395, "price": 69, "quantity": 500, "ts": 1756428136.898288, "side": "sell"}
{"type": "orderbook_delta", "seq": 396, "price": 73, "quantity": 1250, "ts": 1756428137.013674, "side": "sell"}
{"type": "orderbook_delta", "seq": 397, "price": 64, "quantity": -500, "ts": 1756428137.01969, "side": "buy"}
{"type": "orderbook_delta", "seq": 398, "price": 60, "quantity": -1250, "ts": 1756428137.020613, "side": "buy"}
{"type": "orderbook_delta", "seq": 399, "price": 72, "quantity": -200, "ts": 1756428137.029149, "side": "sell"}
{"type": "orderbook_delta", "seq": 400, "price": 61, "quantity": -200, "ts": 1756428137.054145, "side": "buy"}
{"type": "orderbook_delta", "seq": 401, "price": 73, "quantity": -1250, "ts": 1756428137.060217, "side": "sell"}
{"type": "orderbook_delta", "seq": 402, "price": 72, "quantity": -200, "ts": 1756428137.077494, "side": "sell"}
{"type": "orderbook_delta", "seq": 403, "price": 70, "quantity": 200, "ts": 1756428137.077494, "side": "sell"}
{"type": "orderbook_delta", "seq": 404, "price": 65, "quantity": -100, "ts": 1756428137.087172, "side": "buy"}
{"type": "orderbook_delta", "seq": 405, "price": 64, "quantity": 100, "ts": 1756428137.087172, "side": "buy"}
{"type": "orderbook_delta", "seq": 406, "price": 58, "quantity": 1250, "ts": 1756428137.089266, "side": "buy"}
{"type": "orderbook_delta", "seq": 407, "price": 63, "quantity": 500, "ts": 1756428137.090352, "side": "buy"}
{"type": "orderbook_delta", "seq": 408, "price": 71, "quantity": 200, "ts": 1756428137.092147, "side": "sell"}
{"type": "orderbook_delta", "seq": 409, "price": 72, "quantity": 1250, "ts": 1756428137.096281, "side": "sell"}
{"type": "orderbook_delta", "seq": 410, "price": 60, "quantity": 200, "ts": 1756428137.100802, "side": "buy"}
{"type": "orderbook_delta", "seq": 411, "price": 52, "quantity": 250, "ts": 1756428137.128036, "side": "buy"}
{"type": "orderbook_delta", "seq": 412, "price": 62, "quantity": -250, "ts": 1756428137.129287, "side": "buy"}
{"type": "orderbook_delta", "seq": 413, "price": 60, "quantity": -200, "ts": 1756428137.130649, "side": "buy"}
{"type": "orderbook_delta", "seq": 414, "price": 71, "quantity": -200, "ts": 1756428137.132219, "side": "sell"}
{"type": "orderbook_delta", "seq": 415, "price": 54, "quantity": 250, "ts": 1756428137.136621, "side": "buy"}
{"type": "orderbook_delta", "seq": 416, "price": 63, "quantity": -500, "ts": 1756428137.143444, "side": "buy"}
{"type": "orderbook_delta", "seq": 417, "price": 64, "quantity": -250, "ts": 1756428137.169861, "side": "buy"}
{"type": "orderbook_delta", "seq": 418, "price": 70, "quantity": 200, "ts": 1756428137.1816, "side": "sell"}
{"type": "orderbook_delta", "seq": 419, "price": 59, "quantity": 200, "ts": 1756428137.181942, "side": "buy"}
{"type": "orderbook_delta", "seq": 420, "price": 61, "quantity": 500, "ts": 1756428137.188726, "side": "buy"}
{"type": "orderbook_delta", "seq": 421, "price": 64, "quantity": -100, "ts": 1756428137.490426, "side": "buy"}
{"type": "orderbook_delta", "seq": 422, "price": 62, "quantity": 100, "ts": 1756428137.490426, "side": "buy"}
{"type": "orderbook_delta", "seq": 423, "price": 61, "quantity": -500, "ts": 1756428137.522173, "side": "buy"}
{"type": "orderbook_delta", "seq": 424, "price": 70, "quantity": -100, "ts": 1756428137.526274, "side": "sell"}
{"type": "orderbook_delta", "seq": 425, "price": 62, "quantity": 500, "ts": 1756428137.555417, "side": "buy"}
{"type": "orderbook_delta", "seq": 426, "price": 62, "quantity": 250, "ts": 1756428137.942763, "side": "buy"}
{"type": "orderbook_delta", "seq": 427, "price": 52, "quantity": -250, "ts": 1756428137.943039, "side": "buy"}
{"type": "orderbook_delta", "seq": 428, "price": 72, "quantity": -100, "ts": 1756428138.108067, "side": "sell"}
{"type": "orderbook_delta", "seq": 429, "price": 70, "quantity": 100, "ts": 1756428138.108067, "side": "sell"}
{"type": "orderbook_delta", "seq": 430, "price": 70, "quantity": 250, "ts": 1756428138.108907, "side": "sell"}
{"type": "orderbook_delta", "seq": 431, "price": 80, "quantity": -250, "ts": 1756428138.111199, "side": "sell"}
{"type": "orderbook_delta", "seq": 432, "price": 62, "quantity": -100, "ts": 1756428138.250797, "side": "buy"}
{"type": "orderbook_delta", "seq": 433, "price": 63, "quantity": 100, "ts": 1756428138.250797, "side": "buy"}
{"type": "orderbook_delta", "seq": 434, "price": 59, "quantity": -200, "ts": 1756428138.573226, "side": "buy"}
{"type": "orderbook_delta", "seq": 435, "price": 70, "quantity": -200, "ts": 1756428138.577786, "side": "sell"}
{"type": "orderbook_delta", "seq": 436, "price": 71, "quantity": 200, "ts": 1756428138.682571, "side": "sell"}
{"type": "orderbook_delta", "seq": 437, "price": 60, "quantity": 200, "ts": 1756428138.685451, "side": "buy"}
{"type": "orderbook_delta", "seq": 438, "price": 70, "quantity": -100, "ts": 1756428138.879885, "side": "sell"}
{"type": "orderbook_delta", "seq": 439, "price": 69, "quantity": 100, "ts": 1756428138.879885, "side": "sell"}
{"type": "orderbook_delta", "seq": 440, "price": 80, "quantity": 250, "ts": 1756428139.074098, "side": "sell"}
{"type": "orderbook_delta", "seq": 441, "price": 70, "quantity": -250, "ts": 1756428139.0784, "side": "sell"}
{"type": "orderbook_delta", "seq": 442, "price": 72, "quantity": -1250, "ts": 1756428139.079592, "side": "sell"}
{"type": "orderbook_delta", "seq": 443, "price": 58, "quantity": -1250, "ts": 1756428139.079698, "side": "buy"}
{"type": "orderbook_delta", "seq": 444, "price": 62, "quantity": -500, "ts": 1756428139.098412, "side": "buy"}
{"type": "orderbook_delta", "seq": 445, "price": 59, "quantity": 1250, "ts": 1756428139.159591, "side": "buy"}
{"type": "orderbook_delta", "seq": 446, "price": 63, "quantity": 500, "ts": 1756428139.16166, "side": "buy"}
{"type": "orderbook_delta", "seq": 447, "price": 63, "quantity": -100, "ts": 1756428139.207338, "side": "buy"}
{"type": "orderbook_delta", "seq": 448, "price": 64, "quantity": 100, "ts": 1756428139.207338, "side": "buy"}
{"type": "orderbook_delta", "seq": 449, "price": 73, "quantity": 1250, "ts": 1756428139.266251, "side": "sell"}
{"type": "orderbook_delta", "seq": 450, "price": 73, "quantity": -1250, "ts": 1756428140.035959, "side": "sell"}
{"type": "orderbook_delta", "seq": 451, "price": 63, "quantity": -500, "ts": 1756428140.043059, "side": "buy"}
{"type": "orderbook_delta", "seq": 452, "price": 59, "quantity": -1250, "ts": 1756428140.08742, "side": "buy"}
{"type": "orderbook_delta", "seq": 453, "price": 72, "quantity": 1250, "ts": 1756428140.131587, "side": "sell"}
{"type": "orderbook_delta", "seq": 454, "price": 62, "quantity": 500, "ts": 1756428140.132145, "side": "buy"}
{"type": "orderbook_delta", "seq": 455, "price": 58, "quantity": 1250, "ts": 1756428140.132395, "side": "buy"}
{"type": "orderbook_delta", "seq": 456, "price": 64, "quantity": -100, "ts": 1756428140.508708, "side": "buy"}
{"type": "orderbook_delta", "seq": 457, "price": 63, "quantity": 100, "ts": 1756428140.508708, "side": "buy"}
{"type": "orderbook_delta", "seq": 458, "price": 60, "quantity": -200, "ts": 1756428140.885243, "side": "buy"}
{"type": "orderbook_delta", "seq": 459, "price": 71, "quantity": -200, "ts": 1756428140.901743, "side": "sell"}
{"type": "orderbook_delta", "seq": 460, "price": 70, "quantity": 200, "ts": 1756428140.939507, "side": "sell"}
{"type": "orderbook_delta", "seq": 461, "price": 59, "quantity": 200, "ts": 1756428140.941898, "side": "buy"}
{"type": "orderbook_delta", "seq": 462, "price": 70, "quantity": -10, "ts": 1756428141.671076, "side": "sell"}
{"type": "orderbook_delta", "seq": 463, "price": 75, "quantity": 10, "ts": 1756428141.671076, "side": "sell"}
{"type": "orderbook_delta", "seq": 464, "price": 58, "quantity": -1250, "ts": 1756428142.080224, "side": "buy"}
{"type": "orderbook_delta", "seq": 465, "price": 72, "quantity": -1250, "ts": 1756428142.095569, "side": "sell"}
{"type": "orderbook_delta", "seq": 466, "price": 70, "quantity": -200, "ts": 1756428142.096887, "side": "sell"}
{"type": "orderbook_delta", "seq": 467, "price": 59, "quantity": -200, "ts": 1756428142.096984, "side": "buy"}
{"type": "orderbook_delta", "seq": 468, "price": 70, "quantity": 250, "ts": 1756428142.107165, "side": "sell"}
{"type": "orderbook_delta", "seq": 469, "price": 62, "quantity": -500, "ts": 1756428142.119073, "side": "buy"}
{"type": "orderbook_delta", "seq": 470, "price": 69, "quantity": -210, "ts": 1756428142.137487, "side": "sell"}
{"type": "orderbook_delta", "seq": 471, "price": 56, "quantity": 1250, "ts": 1756428142.143524, "side": "buy"}
{"type": "orderbook_delta", "seq": 472, "price": 71, "quantity": 1250, "ts": 1756428142.143819, "side": "sell"}
{"type": "orderbook_delta", "seq": 473, "price": 69, "quantity": 200, "ts": 1756428142.163703, "side": "sell"}
{"type": "orderbook_delta", "seq": 474, "price": 61, "quantity": 500, "ts": 1756428142.165714, "side": "buy"}
{"type": "orderbook_delta", "seq": 475, "price": 58, "quantity": 200, "ts": 1756428142.168877, "side": "buy"}
{"type": "orderbook_delta", "seq": 476, "price": 80, "quantity": -250, "ts": 1756428142.18701, "side": "sell"}
{"type": "orderbook_delta", "seq": 477, "price": 71, "quantity": -1250, "ts": 1756428142.238756, "side": "sell"}
{"type": "orderbook_delta", "seq": 478, "price": 61, "quantity": -500, "ts": 1756428142.24002, "side": "buy"}
{"type": "trade", "seq": 12, "price": 68, "quantity": 71, "ts": 1756428142.24993, "side": "sell"}
{"type": "orderbook_delta", "seq": 479, "price": 68, "quantity": 0, "ts": 1756428142.24993, "side": "buy"}
{"type": "orderbook_delta", "seq": 480, "price": 68, "quantity": 139, "ts": 1756428142.24993, "side": "sell"}
{"type": "orderbook_delta", "seq": 481, "price": 70, "quantity": -200, "ts": 1756428142.265634, "side": "sell"}
{"type": "orderbook_delta", "seq": 482, "price": 69, "quantity": 200, "ts": 1756428142.265634, "side": "sell"}
{"type": "orderbook_delta", "seq": 483, "price": 52, "quantity": 250, "ts": 1756428142.288019, "side": "buy"}
{"type": "orderbook_delta", "seq": 484, "price": 70, "quantity": 1250, "ts": 1756428142.288251, "side": "sell"}
{"type": "orderbook_delta", "seq": 485, "price": 60, "quantity": 500, "ts": 1756428142.288557, "side": "buy"}
{"type": "orderbook_delta", "seq": 486, "price": 68, "quantity": -139, "ts": 1756428142.292152, "side": "sell"}
{"type": "orderbook_delta", "seq": 487, "price": 62, "quantity": -250, "ts": 1756428142.308704, "side": "buy"}
{"type": "orderbook_delta", "seq": 488, "price": 69, "quantity": -500, "ts": 1756428142.312222, "side": "sell"}
{"type": "orderbook_delta", "seq": 489, "price": 67, "quantity": 139, "ts": 1756428142.334579, "side": "sell"}
{"type": "orderbook_delta", "seq": 490, "price": 52, "quantity": -250, "ts": 1756428142.34653, "side": "buy"}
{"type": "orderbook_delta", "seq": 491, "price": 68, "quantity": 500, "ts": 1756428142.376468, "side": "sell"}
{"type": "orderbook_delta", "seq": 492, "price": 68, "quantity": -500, "ts": 1756428142.419132, "side": "sell"}
{"type": "orderbook_delta", "seq": 493, "price": 66, "quantity": 500, "ts": 1756428142.453444, "side": "sell"}
{"type": "orderbook_delta", "seq": 494, "price": 75, "quantity": 0, "ts": 1756428142.724129, "side": "sell"}
{"type": "orderbook_delta", "seq": 495, "price": 67, "quantity": -139, "ts": 1756428143.18536, "side": "sell"}
{"type": "orderbook_delta", "seq": 496, "price": 66, "quantity": -500, "ts": 1756428143.224815, "side": "sell"}
{"type": "orderbook_delta", "seq": 497, "price": 60, "quantity": -500, "ts": 1756428143.257477, "side": "buy"}
{"type": "orderbook_delta", "seq": 498, "price": 66, "quantity": 139, "ts": 1756428143.26718, "side": "sell"}
{"type": "orderbook_delta", "seq": 499, "price": 56, "quantity": -1250, "ts": 1756428143.267653, "side": "buy"}
{"type": "orderbook_delta", "seq": 500, "price": 68, "quantity": 500, "ts": 1756428143.277017, "side": "sell"}
{"type": "orderbook_delta", "seq": 501, "price": 70, "quantity": -1250, "ts": 1756428143.284903, "side": "sell"}
{"type": "orderbook_delta", "seq": 502, "price": 52, "quantity": 250, "ts": 1756428143.310121, "side": "buy"}
{"type": "orderbook_delta", "seq": 503, "price": 68, "quantity": -500, "ts": 1756428143.338666, "side": "sell"}
{"type": "orderbook_delta", "seq": 504, "price": 71, "quantity": 1250, "ts": 1756428143.358078, "side": "sell"}
{"type": "orderbook_delta", "seq": 505, "price": 61, "quantity": 500, "ts": 1756428143.364923, "side": "buy"}
{"type": "orderbook_delta", "seq": 506, "price": 57, "quantity": 1250, "ts": 1756428143.365228, "side": "buy"}
{"type": "orderbook_delta", "seq": 507, "price": 66, "quantity": 500, "ts": 1756428143.374544, "side": "sell"}
{"type": "orderbook_delta", "seq": 508, "price": 63, "quantity": -100, "ts": 1756428143.499915, "side": "buy"}
{"type": "orderbook_delta", "seq": 509, "price": 62, "quantity": 100, "ts": 1756428143.499915, "side": "buy"}
{"type": "orderbook_delta", "seq": 510, "price": 62, "quantity": 250, "ts": 1756428143.539619, "side": "buy"}
{"type": "orderbook_delta", "seq": 511, "price": 66, "quantity": -139, "ts": 1756428143.540102, "side": "sell"}
{"type": "orderbook_delta", "seq": 512, "price": 52, "quantity": -250, "ts": 1756428143.558299, "side": "buy"}
{"type": "orderbook_delta", "seq": 513, "price": 66, "quantity": -500, "ts": 1756428143.576861, "side": "sell"}
{"type": "orderbook_delta", "seq": 514, "price": 66, "quantity": 139, "ts": 1756428143.599685, "side": "sell"}
{"type": "orderbook_delta", "seq": 515, "price": 68, "quantity": 500, "ts": 1756428143.69379, "side": "sell"}
{"type": "orderbook_delta", "seq": 516, "price": 68, "quantity": -500, "ts": 1756428143.727434, "side": "sell"}
{"type": "orderbook_delta", "seq": 517, "price": 66, "quantity": 500, "ts": 1756428143.767715, "side": "sell"}
{"type": "orderbook_delta", "seq": 518, "price": 62, "quantity": -100, "ts": 1756428144.246579, "side": "buy"}
{"type": "orderbook_delta", "seq": 519, "price": 63, "quantity": 100, "ts": 1756428144.246579, "side": "buy"}
{"type": "orderbook_delta", "seq": 520, "price": 62, "quantity": 100, "ts": 1756428144.92252, "side": "buy"}
{"type": "orderbook_delta", "seq": 521, "price": 57, "quantity": -1250, "ts": 1756428145.607216, "side": "buy"}
{"type": "orderbook_delta", "seq": 522, "price": 58, "quantity": -200, "ts": 1756428145.607808, "side": "buy"}
{"type": "orderbook_delta", "seq": 523, "price": 61, "quantity": -500, "ts": 1756428145.607865, "side": "buy"}
{"type": "orderbook_delta", "seq": 524, "price": 69, "quantity": -200, "ts": 1756428145.608542, "side": "sell"}
{"type": "orderbook_delta", "seq": 525, "price": 71, "quantity": -1250, "ts": 1756428145.612338, "side": "sell"}
{"type": "orderbook_delta", "seq": 526, "price": 56, "quantity": 1250, "ts": 1756428145.727031, "side": "buy"}
{"type": "orderbook_delta", "seq": 527, "price": 70, "quantity": 1250, "ts": 1756428145.727295, "side": "sell"}
{"type": "orderbook_delta", "seq": 528, "price": 60, "quantity": 500, "ts": 1756428145.72752, "side": "buy"}
{"type": "orderbook_delta", "seq": 529, "price": 62, "quantity": -100, "ts": 1756428145.728338, "side": "buy"}
{"type": "orderbook_delta", "seq": 530, "price": 68, "quantity": 200, "ts": 1756428145.728359, "side": "sell"}
{"type": "orderbook_delta", "seq": 531, "price": 57, "quantity": 200, "ts": 1756428145.729014, "side": "buy"}
{"type": "orderbook_delta", "seq": 532, "price": 63, "quantity": 100, "ts": 1756428145.942105, "side": "buy"}
{"type": "orderbook_delta", "seq": 533, "price": 52, "quantity": 250, "ts": 1756428146.09789, "side": "buy"}
{"type": "orderbook_delta", "seq": 534, "price": 68, "quantity": 250, "ts": 1756428146.117175, "side": "sell"}
{"type": "orderbook_delta", "seq": 535, "price": 66, "quantity": -139, "ts": 1756428146.120145, "side": "sell"}
{"type": "orderbook_delta", "seq": 536, "price": 62, "quantity": -250, "ts": 1756428146.136564, "side": "buy"}
{"type": "orderbook_delta", "seq": 537, "price": 66, "quantity": -500, "ts": 1756428146.155123, "side": "sell"}
{"type": "orderbook_delta", "seq": 538, "price": 78, "quantity": -250, "ts": 1756428146.156987, "side": "sell"}
{"type": "orderbook_delta", "seq": 539, "price": 67, "quantity": 500, "ts": 1756428146.195495, "side": "sell"}
{"type": "orderbook_delta", "seq": 540, "price": 65, "quantity": 139, "ts": 1756428146.20265, "side": "sell"}
{"type": "orderbook_delta", "seq": 541, "price": 63, "quantity": -100, "ts": 1756428146.500198, "side": "buy"}
{"type": "orderbook_delta", "seq": 542, "price": 61, "quantity": 100, "ts": 1756428146.500198, "side": "buy"}
{"type": "orderbook_delta", "seq": 543, "price": 80, "quantity": 250, "ts": 1756428146.681529, "side": "sell"}
{"type": "orderbook_delta", "seq": 544, "price": 57, "quantity": -200, "ts": 1756428146.684801, "side": "buy"}
{"type": "orderbook_delta", "seq": 545, "price": 70, "quantity": -1250, "ts": 1756428146.68486, "side": "sell"}
{"type": "orderbook_delta", "seq": 546, "price": 68, "quantity": -200, "ts": 1756428146.686382, "side": "sell"}
{"type": "orderbook_delta", "seq": 547, "price": 56, "quantity": -1250, "ts": 1756428146.690229, "side": "buy"}
{"type": "orderbook_delta", "seq": 548, "price": 67, "quantity": -500, "ts": 1756428146.695688, "side": "sell"}
{"type": "orderbook_delta", "seq": 549, "price": 65, "quantity": -139, "ts": 1756428146.707945, "side": "sell"}
{"type": "orderbook_delta", "seq": 550, "price": 78, "quantity": 250, "ts": 1756428146.727763, "side": "sell"}
{"type": "orderbook_delta", "seq": 551, "price": 68, "quantity": -250, "ts": 1756428146.728222, "side": "sell"}
{"type": "orderbook_delta", "seq": 552, "price": 60, "quantity": -500, "ts": 1756428146.746121, "side": "buy"}
{"type": "orderbook_delta", "seq": 553, "price": 68, "quantity": 500, "ts": 1756428146.756102, "side": "sell"}
{"type": "orderbook_delta", "seq": 554, "price": 69, "quantity": -100, "ts": 1756428146.763139, "side": "sell"}
{"type": "orderbook_delta", "seq": 555, "price": 68, "quantity": 100, "ts": 1756428146.763139, "side": "sell"}
{"type": "orderbook_delta", "seq": 556, "price": 69, "quantity": -200, "ts": 1756428146.768548, "side": "sell"}
{"type": "orderbook_delta", "seq": 557, "price": 71, "quantity": 200, "ts": 1756428146.768548, "side": "sell"}
{"type": "orderbook_delta", "seq": 558, "price": 70, "quantity": -250, "ts": 1756428146.785636, "side": "sell"}
{"type": "orderbook_delta", "seq": 559, "price": 50, "quantity": 250, "ts": 1756428146.802535, "side": "buy"}
{"type": "orderbook_delta", "seq": 560, "price": 60, "quantity": -250, "ts": 1756428146.809181, "side": "buy"}
{"type": "orderbook_delta", "seq": 561, "price": 71, "quantity": 200, "ts": 1756428146.819715, "side": "sell"}
{"type": "orderbook_delta", "seq": 562, "price": 62, "quantity": 500, "ts": 1756428146.820225, "side": "buy"}
{"type": "orderbook_delta", "seq": 563, "price": 72, "quantity": 1250, "ts": 1756428146.820492, "side": "sell"}
{"type": "orderbook_delta", "seq": 564, "price": 58, "quantity": 1250, "ts": 1756428146.820857, "side": "buy"}
{"type": "orderbook_delta", "seq": 565, "price": 60, "quantity": 200, "ts": 1756428146.82843, "side": "buy"}
{"type": "orderbook_delta", "seq": 566, "price": 68, "quantity": 139, "ts": 1756428146.84581, "side": "sell"}
{"type": "orderbook_delta", "seq": 567, "price": 60, "quantity": -200, "ts": 1756428146.874993, "side": "buy"}
{"type": "orderbook_delta", "seq": 568, "price": 71, "quantity": -200, "ts": 1756428146.888354, "side": "sell"}
{"type": "orderbook_delta", "seq": 569, "price": 59, "quantity": 200, "ts": 1756428146.913794, "side": "buy"}
{"type": "orderbook_delta", "seq": 570, "price": 70, "quantity": 200, "ts": 1756428146.929559, "side": "sell"}
{"type": "orderbook_delta", "seq": 571, "price": 50, "quantity": -250, "ts": 1756428146.941148, "side": "buy"}
{"type": "orderbook_delta", "seq": 572, "price": 60, "quantity": 250, "ts": 1756428146.946439, "side": "buy"}
{"type": "orderbook_delta", "seq": 573, "price": 58, "quantity": -1250, "ts": 1756428147.096061, "side": "buy"}
{"type": "orderbook_delta", "seq": 574, "price": 72, "quantity": -1250, "ts": 1756428147.097056, "side": "sell"}
{"type": "orderbook_delta", "seq": 575, "price": 68, "quantity": -500, "ts": 1756428147.097878, "side": "sell"}
{"type": "orderbook_delta", "seq": 576, "price": 52, "quantity": -250, "ts": 1756428147.100833, "side": "buy"}
{"type": "orderbook_delta", "seq": 577, "price": 64, "quantity": 250, "ts": 1756428147.101419, "side": "buy"}
{"type": "orderbook_delta", "seq": 578, "price": 54, "quantity": -250, "ts": 1756428147.137702, "side": "buy"}
{"type": "orderbook_delta", "seq": 579, "price": 62, "quantity": 250, "ts": 1756428147.137815, "side": "buy"}
{"type": "orderbook_delta", "seq": 580, "price": 82, "quantity": 250, "ts": 1756428147.142011, "side": "sell"}
{"type": "orderbook_delta", "seq": 581, "price": 72, "quantity": -250, "ts": 1756428147.142279, "side": "sell"}
{"type": "orderbook_delta", "seq": 582, "price": 71, "quantity": 1250, "ts": 1756428147.147605, "side": "sell"}
{"type": "orderbook_delta", "seq": 583, "price": 67, "quantity": 500, "ts": 1756428147.153657, "side": "sell"}
{"type": "orderbook_delta", "seq": 584, "price": 57, "quantity": 1250, "ts": 1756428147.173926, "side": "buy"}
{"type": "orderbook_delta", "seq": 585, "price": 82, "quantity": -250, "ts": 1756428147.184487, "side": "sell"}
{"type": "orderbook_delta", "seq": 586, "price": 72, "quantity": 250, "ts": 1756428147.190341, "side": "sell"}
{"type": "orderbook_delta", "seq": 587, "price": 61, "quantity": -100, "ts": 1756428147.254266, "side": "buy"}
{"type": "orderbook_delta", "seq": 588, "price": 64, "quantity": 100, "ts": 1756428147.254266, "side": "buy"}
{"type": "orderbook_delta", "seq": 589, "price": 66, "quantity": 100, "ts": 1756428147.26341, "side": "sell"}
{"type": "orderbook_delta", "seq": 590, "price": 54, "quantity": 250, "ts": 1756428147.307087, "side": "buy"}
{"type": "orderbook_delta", "seq": 591, "price": 64, "quantity": -250, "ts": 1756428147.307354, "side": "buy"}
{"type": "orderbook_delta", "seq": 592, "price": 57, "quantity": -1250, "ts": 1756428147.929345, "side": "buy"}
{"type": "orderbook_delta", "seq": 593, "price": 67, "quantity": -500, "ts": 1756428147.92955, "side": "sell"}
{"type": "orderbook_delta", "seq": 594, "price": 71, "quantity": -1250, "ts": 1756428147.932444, "side": "sell"}
{"type": "orderbook_delta", "seq": 595, "price": 72, "quantity": 1250, "ts": 1756428147.977952, "side": "sell"}
{"type": "orderbook_delta", "seq": 596, "price": 58, "quantity": 1250, "ts": 1756428147.980319, "side": "buy"}
{"type": "orderbook_delta", "seq": 597, "price": 68, "quantity": 500, "ts": 1756428147.981677, "side": "sell"}
{"type": "orderbook_delta", "seq": 598, "price": 68, "quantity": -500, "ts": 1756428148.016866, "side": "sell"}
{"type": "orderbook_delta", "seq": 599, "price": 67, "quantity": 500, "ts": 1756428148.058019, "side": "sell"}
{"type": "orderbook_delta", "seq": 600, "price": 70, "quantity": 250, "ts": 1756428148.120066, "side": "sell"}
{"type": "orderbook_delta", "seq": 601, "price": 68, "quantity": -139, "ts": 1756428148.136148, "side": "sell"}
{"type": "orderbook_delta", "seq": 602, "price": 80, "quantity": -250, "ts": 1756428148.175814, "side": "sell"}
{"type": "orderbook_delta", "seq": 603, "price": 63, "quantity": -100, "ts": 1756428148.233531, "side": "buy"}
{"type": "orderbook_delta", "seq": 604, "price": 67, "quantity": 139, "ts": 1756428148.247261, "side": "sell"}
{"type": "orderbook_delta", "seq": 605, "price": 64, "quantity": 100, "ts": 1756428148.429787, "side": "buy"}
{"type": "orderbook_delta", "seq": 606, "price": 68, "quantity": -100, "ts": 1756428148.719209, "side": "sell"}
{"type": "orderbook_delta", "seq": 607, "price": 69, "quantity": 100, "ts": 1756428148.719209, "side": "sell"}
{"type": "orderbook_delta", "seq": 608, "price": 71, "quantity": -200, "ts": 1756428148.771604, "side": "sell"}
{"type": "orderbook_delta", "seq": 609, "price": 69, "quantity": 200, "ts": 1756428148.771604, "side": "sell"}
{"type": "orderbook_delta", "seq": 610, "price": 80, "quantity": 250, "ts": 1756428149.146149, "side": "sell"}
{"type": "orderbook_delta", "seq": 611, "price": 70, "quantity": -250, "ts": 1756428149.178763, "side": "sell"}
{"type": "orderbook_delta", "seq": 612, "price": 70, "quantity": -200, "ts": 1756428149.207769, "side": "sell"}
{"type": "orderbook_delta", "seq": 613, "price": 71, "quantity": 200, "ts": 1756428149.264856, "side": "sell"}
{"type": "orderbook_delta", "seq": 614, "price": 64, "quantity": -100, "ts": 1756428149.359728, "side": "buy"}
{"type": "orderbook_delta", "seq": 615, "price": 64, "quantity": -100, "ts": 1756428149.500369, "side": "buy"}
{"type": "orderbook_delta", "seq": 616, "price": 63, "quantity": 100, "ts": 1756428149.500369, "side": "buy"}
{"type": "orderbook_delta", "seq": 617, "price": 66, "quantity": -100, "ts": 1756428149.611226, "side": "sell"}
{"type": "orderbook_delta", "seq": 618, "price": 67, "quantity": -500, "ts": 1756428149.717142, "side": "sell"}
{"type": "orderbook_delta", "seq": 619, "price": 59, "quantity": -200, "ts": 1756428149.719386, "side": "buy"}
{"type": "orderbook_delta", "seq": 620, "price": 68, "quantity": 500, "ts": 1756428149.785817, "side": "sell"}
{"type": "orderbook_delta", "seq": 621, "price": 60, "quantity": 200, "ts": 1756428149.795078, "side": "buy"}
{"type": "orderbook_delta", "seq": 622, "price": 60, "quantity": -200, "ts": 1756428150.059596, "side": "buy"}
{"type": "orderbook_delta", "seq": 623, "price": 68, "quantity": -500, "ts": 1756428150.059758, "side": "sell"}
{"type": "orderbook_delta", "seq": 624, "price": 59, "quantity": 200, "ts": 1756428150.099228, "side": "buy"}
{"type": "orderbook_delta", "seq": 625, "price": 67, "quantity": 500, "ts": 1756428150.122506, "side": "sell"}
{"type": "orderbook_delta", "seq": 626, "price": 70, "quantity": 250, "ts": 1756428150.140936, "side": "sell"}
{"type": "orderbook_delta", "seq": 627, "price": 80, "quantity": -250, "ts": 1756428150.148703, "side": "sell"}
{"type": "orderbook_delta", "seq": 628, "price": 58, "quantity": -1250, "ts": 1756428150.210638, "side": "buy"}
{"type": "orderbook_delta", "seq": 629, "price": 57, "quantity": 1250, "ts": 1756428150.258873, "side": "buy"}
{"type": "orderbook_delta", "seq": 630, "price": 71, "quantity": -200, "ts": 1756428150.291305, "side": "sell"}
{"type": "orderbook_delta", "seq": 631, "price": 70, "quantity": 200, "ts": 1756428150.327379, "side": "sell"}
{"type": "orderbook_delta", "seq": 632, "price": 63, "quantity": 100, "ts": 1756428150.587719, "side": "buy"}
{"type": "orderbook_delta", "seq": 633, "price": 66, "quantity": 100, "ts": 1756428151.353272, "side": "sell"}
{"type": "orderbook_delta", "seq": 634, "price": 70, "quantity": -250, "ts": 1756428152.120118, "side": "sell"}
{"type": "orderbook_delta", "seq": 635, "price": 80, "quantity": 250, "ts": 1756428152.120327, "side": "sell"}
{"type": "orderbook_delta", "seq": 636, "price": 70, "quantity": -200, "ts": 1756428152.16859, "side": "sell"}
{"type": "orderbook_delta", "seq": 637, "price": 71, "quantity": 200, "ts": 1756428152.211749, "side": "sell"}
{"type": "orderbook_delta", "seq": 638, "price": 72, "quantity": -1250, "ts": 1756428152.471002, "side": "sell"}
{"type": "orderbook_delta", "seq": 639, "price": 71, "quantity": 1250, "ts": 1756428152.518474, "side": "sell"}
{"type": "orderbook_delta", "seq": 640, "price": 69, "quantity": -100, "ts": 1756428152.762417, "side": "sell"}
{"type": "orderbook_delta", "seq": 641, "price": 70, "quantity": 100, "ts": 1756428152.762417, "side": "sell"}
{"type": "orderbook_delta", "seq": 642, "price": 67, "quantity": -500, "ts": 1756428152.855175, "side": "sell"}
{"type": "orderbook_delta", "seq": 643, "price": 71, "quantity": -1250, "ts": 1756428152.859103, "side": "sell"}
{"type": "orderbook_delta", "seq": 644, "price": 59, "quantity": -200, "ts": 1756428152.86043, "side": "buy"}
{"type": "orderbook_delta", "seq": 645, "price": 67, "quantity": -139, "ts": 1756428152.869251, "side": "sell"}
{"type": "orderbook_delta", "seq": 646, "price": 69, "quantity": -200, "ts": 1756428152.869298, "side": "sell"}
{"type": "orderbook_delta", "seq": 647, "price": 71, "quantity": 200, "ts": 1756428152.869298, "side": "sell"}
{"type": "orderbook_delta", "seq": 648, "price": 62, "quantity": -500, "ts": 1756428152.869598, "side": "buy"}
{"type": "orderbook_delta", "seq": 649, "price": 57, "quantity": -1250, "ts": 1756428152.87847, "side": "buy"}
{"type": "orderbook_delta", "seq": 650, "price": 68, "quantity": 139, "ts": 1756428152.910409, "side": "sell"}
{"type": "orderbook_delta", "seq": 651, "price": 71, "quantity": -200, "ts": 1756428152.918991, "side": "sell"}
{"type": "orderbook_delta", "seq": 652, "price": 73, "quantity": 200, "ts": 1756428152.918991, "side": "sell"}
{"type": "orderbook_delta", "seq": 653, "price": 60, "quantity": 200, "ts": 1756428152.922537, "side": "buy"}
{"type": "orderbook_delta", "seq": 654, "price": 59, "quantity": 1250, "ts": 1756428152.923708, "side": "buy"}
{"type": "orderbook_delta", "seq": 655, "price": 69, "quantity": 500, "ts": 1756428152.925814, "side": "sell"}
{"type": "orderbook_delta", "seq": 656, "price": 73, "quantity": 1250, "ts": 1756428152.928754, "side": "sell"}
{"type": "orderbook_delta", "seq": 657, "price": 63, "quantity": 500, "ts": 1756428152.929003, "side": "buy"}
{"type": "orderbook_delta", "seq": 658, "price": 70, "quantity": -100, "ts": 1756428152.934802, "side": "sell"}
{"type": "orderbook_delta", "seq": 659, "price": 71, "quantity": 100, "ts": 1756428152.934802, "side": "sell"}
{"type": "orderbook_delta", "seq": 660, "price": 69, "quantity": -500, "ts": 1756428152.977608, "side": "sell"}
{"type": "orderbook_delta", "seq": 661, "price": 68, "quantity": -139, "ts": 1756428152.981639, "side": "sell"}
{"type": "orderbook_delta", "seq": 662, "price": 73, "quantity": -1250, "ts": 1756428152.986881, "side": "sell"}
{"type": "orderbook_delta", "seq": 663, "price": 82, "quantity": 250, "ts": 1756428152.988326, "side": "sell"}
{"type": "orderbook_delta", "seq": 664, "price": 60, "quantity": -200, "ts": 1756428152.989228, "side": "buy"}
{"type": "orderbook_delta", "seq": 665, "price": 63, "quantity": -500, "ts": 1756428152.989314, "side": "buy"}
{"type": "orderbook_delta", "seq": 666, "price": 59, "quantity": -1250, "ts": 1756428152.989974, "side": "buy"}
{"type": "orderbook_delta", "seq": 667, "price": 63, "quantity": -100, "ts": 1756428152.990911, "side": "buy"}
{"type": "orderbook_delta", "seq": 668, "price": 64, "quantity": 100, "ts": 1756428152.990911, "side": "buy"}
{"type": "orderbook_delta", "seq": 669, "price": 71, "quantity": -200, "ts": 1756428152.991151, "side": "sell"}
{"type": "orderbook_delta", "seq": 670, "price": 72, "quantity": -250, "ts": 1756428153.017459, "side": "sell"}
{"type": "orderbook_delta", "seq": 671, "price": 62, "quantity": -250, "ts": 1756428153.039243, "side": "buy"}
{"type": "orderbook_delta", "seq": 672, "price": 52, "quantity": 250, "ts": 1756428153.041891, "side": "buy"}
{"type": "orderbook_delta", "seq": 673, "price": 70, "quantity": 500, "ts": 1756428153.045737, "side": "sell"}
{"type": "orderbook_delta", "seq": 674, "price": 64, "quantity": -100, "ts": 1756428153.049201, "side": "buy"}
{"type": "orderbook_delta", "seq": 675, "price": 63, "quantity": 100, "ts": 1756428153.049201, "side": "buy"}
{"type": "orderbook_delta", "seq": 676, "price": 74, "quantity": 1250, "ts": 1756428153.051758, "side": "sell"}
{"type": "orderbook_delta", "seq": 677, "price": 62, "quantity": 200, "ts": 1756428153.05433, "side": "buy"}
{"type": "orderbook_delta", "seq": 678, "price": 65, "quantity": 500, "ts": 1756428153.056102, "side": "buy"}
{"type": "orderbook_delta", "seq": 679, "price": 74, "quantity": -250, "ts": 1756428153.056561, "side": "sell"}
{"type": "orderbook_delta", "seq": 680, "price": 84, "quantity": 250, "ts": 1756428153.056799, "side": "sell"}
{"type": "orderbook_delta", "seq": 681, "price": 61, "quantity": 1250, "ts": 1756428153.057697, "side": "buy"}
{"type": "orderbook_delta", "seq": 682, "price": 73, "quantity": 200, "ts": 1756428153.065301, "side": "sell"}
{"type": "orderbook_delta", "seq": 683, "price": 69, "quantity": 139, "ts": 1756428153.080683, "side": "sell"}
{"type": "orderbook_delta", "seq": 684, "price": 71, "quantity": -100, "ts": 1756428153.092791, "side": "sell"}
{"type": "orderbook_delta", "seq": 685, "price": 72, "quantity": 100, "ts": 1756428153.092791, "side": "sell"}
{"type": "orderbook_delta", "seq": 686, "price": 64, "quantity": 250, "ts": 1756428153.11369, "side": "buy"}
{"type": "orderbook_delta", "seq": 687, "price": 52, "quantity": -250, "ts": 1756428153.136124, "side": "buy"}
{"type": "orderbook_delta", "seq": 688, "price": 62, "quantity": -200, "ts": 1756428153.188103, "side": "buy"}
{"type": "orderbook_delta", "seq": 689, "price": 74, "quantity": -1250, "ts": 1756428153.188755, "side": "sell"}
{"type": "orderbook_delta", "seq": 690, "price": 65, "quantity": -500, "ts": 1756428153.190418, "side": "buy"}
{"type": "orderbook_delta", "seq": 691, "price": 84, "quantity": -250, "ts": 1756428153.197054, "side": "sell"}
{"type": "orderbook_delta", "seq": 692, "price": 54, "quantity": -250, "ts": 1756428153.282143, "side": "buy"}
{"type": "orderbook_delta", "seq": 693, "price": 69, "quantity": -139, "ts": 1756428153.284486, "side": "sell"}
{"type": "orderbook_delta", "seq": 694, "price": 62, "quantity": 250, "ts": 1756428153.284514, "side": "buy"}
{"type": "orderbook_delta", "seq": 695, "price": 72, "quantity": -100, "ts": 1756428153.285405, "side": "sell"}
{"type": "orderbook_delta", "seq": 696, "price": 73, "quantity": 100, "ts": 1756428153.285405, "side": "sell"}
{"type": "orderbook_delta", "seq": 697, "price": 61, "quantity": 200, "ts": 1756428153.365409, "side": "buy"}
{"type": "orderbook_delta", "seq": 698, "price": 64, "quantity": 500, "ts": 1756428153.36608, "side": "buy"}
{"type": "orderbook_delta", "seq": 699, "price": 75, "quantity": 1250, "ts": 1756428153.366443, "side": "sell"}
{"type": "orderbook_delta", "seq": 700, "price": 64, "quantity": -250, "ts": 1756428153.367888, "side": "buy"}
{"type": "orderbook_delta", "seq": 701, "price": 70, "quantity": -500, "ts": 1756428153.369771, "side": "sell"}
{"type": "orderbook_delta", "seq": 702, "price": 70, "quantity": 139, "ts": 1756428153.41358, "side": "sell"}
{"type": "orderbook_delta", "seq": 703, "price": 61, "quantity": -200, "ts": 1756428153.421318, "side": "buy"}
{"type": "orderbook_delta", "seq": 704, "price": 62, "quantity": 200, "ts": 1756428153.460252, "side": "buy"}
{"type": "orderbook_delta", "seq": 705, "price": 70, "quantity": 500, "ts": 1756428153.485663, "side": "sell"}
{"type": "orderbook_delta", "seq": 706, "price": 70, "quantity": -500, "ts": 1756428153.559706, "side": "sell"}
{"type": "orderbook_delta", "seq": 707, "price": 62, "quantity": -200, "ts": 1756428153.560859, "side": "buy"}
{"type": "orderbook_delta", "seq": 708, "price": 61, "quantity": -1250, "ts": 1756428153.561001, "side": "buy"}
{"type": "orderbook_delta", "seq": 709, "price": 75, "quantity": -1250, "ts": 1756428153.562664, "side": "sell"}
{"type": "orderbook_delta", "seq": 710, "price": 73, "quantity": -200, "ts": 1756428153.562828, "side": "sell"}
{"type": "orderbook_delta", "seq": 711, "price": 64, "quantity": 250, "ts": 1756428153.571215, "side": "buy"}
{"type": "orderbook_delta", "seq": 712, "price": 63, "quantity": 200, "ts": 1756428153.604107, "side": "buy"}
{"type": "orderbook_delta", "seq": 713, "price": 72, "quantity": 500, "ts": 1756428153.604705, "side": "sell"}
{"type": "orderbook_delta", "seq": 714, "price": 75, "quantity": 200, "ts": 1756428153.60615, "side": "sell"}
{"type": "orderbook_delta", "seq": 715, "price": 64, "quantity": -500, "ts": 1756428153.606518, "side": "buy"}
{"type": "orderbook_delta", "seq": 716, "price": 76, "quantity": 1250, "ts": 1756428153.606535, "side": "sell"}
{"type": "orderbook_delta", "seq": 717, "price": 62, "quantity": 1250, "ts": 1756428153.607216, "side": "buy"}
{"type": "orderbook_delta", "seq": 718, "price": 65, "quantity": 500, "ts": 1756428153.644774, "side": "buy"}
{"type": "orderbook_delta", "seq": 719, "price": 63, "quantity": -100, "ts": 1756428153.796336, "side": "buy"}
{"type": "orderbook_delta", "seq": 720, "price": 65, "quantity": 100, "ts": 1756428153.796336, "side": "buy"}
{"type": "orderbook_delta", "seq": 721, "price": 63, "quantity": -100, "ts": 1756428154.073158, "side": "buy"}
{"type": "orderbook_delta", "seq": 722, "price": 70, "quantity": -139, "ts": 1756428154.117377, "side": "sell"}
{"type": "orderbook_delta", "seq": 723, "price": 71, "quantity": 139, "ts": 1756428154.159749, "side": "sell"}
{"type": "orderbook_delta", "seq": 724, "price": 66, "quantity": -100, "ts": 1756428154.306639, "side": "sell"}
{"type": "orderbook_delta", "seq": 725, "price": 65, "quantity": -500, "ts": 1756428154.345879, "side": "buy"}
{"type": "orderbook_delta", "seq": 726, "price": 65, "quantity": -100, "ts": 1756428154.360248, "side": "buy"}
{"type": "orderbook_delta", "seq": 727, "price": 66, "quantity": 100, "ts": 1756428154.360248, "side": "buy"}
{"type": "orderbook_delta", "seq": 728, "price": 66, "quantity": 250, "ts": 1756428154.37566, "side": "buy"}
{"type": "orderbook_delta", "seq": 729, "price": 56, "quantity": -250, "ts": 1756428154.378545, "side": "buy"}
{"type": "orderbook_delta", "seq": 730, "price": 66, "quantity": 500, "ts": 1756428154.385906, "side": "buy"}
{"type": "orderbook_delta", "seq": 731, "price": 72, "quantity": -500, "ts": 1756428154.445962, "side": "sell"}
{"type": "orderbook_delta", "seq": 732, "price": 76, "quantity": -1250, "ts": 1756428154.449839, "side": "sell"}
{"type": "orderbook_delta", "seq": 733, "price": 66, "quantity": -500, "ts": 1756428154.452642, "side": "buy"}
{"type": "orderbook_delta", "seq": 734, "price": 62, "quantity": -1250, "ts": 1756428154.456045, "side": "buy"}
{"type": "orderbook_delta", "seq": 735, "price": 71, "quantity": 500, "ts": 1756428154.489019, "side": "sell"}
{"type": "orderbook_delta", "seq": 736, "price": 75, "quantity": 1250, "ts": 1756428154.48978, "side": "sell"}
{"type": "orderbook_delta", "seq": 737, "price": 65, "quantity": 500, "ts": 1756428154.500205, "side": "buy"}
{"type": "orderbook_delta", "seq": 738, "price": 61, "quantity": 1250, "ts": 1756428154.500523, "side": "buy"}
{"type": "orderbook_delta", "seq": 739, "price": 73, "quantity": -200, "ts": 1756428154.60583, "side": "sell"}
{"type": "orderbook_delta", "seq": 740, "price": 70, "quantity": 200, "ts": 1756428154.60583, "side": "sell"}
{"type": "orderbook_delta", "seq": 741, "price": 66, "quantity": -100, "ts": 1756428154.669938, "side": "buy"}
{"type": "orderbook_delta", "seq": 742, "price": 67, "quantity": 100, "ts": 1756428154.669938, "side": "buy"}
{"type": "orderbook_delta", "seq": 743, "price": 67, "quantity": -100, "ts": 1756428154.721695, "side": "buy"}
{"type": "orderbook_delta", "seq": 744, "price": 64, "quantity": 100, "ts": 1756428154.721695, "side": "buy"}
{"type": "orderbook_delta", "seq": 745, "price": 65, "quantity": -500, "ts": 1756428154.807634, "side": "buy"}
{"type": "orderbook_delta", "seq": 746, "price": 73, "quantity": -100, "ts": 1756428154.807909, "side": "sell"}
{"type": "orderbook_delta", "seq": 747, "price": 74, "quantity": 100, "ts": 1756428154.807909, "side": "sell"}
{"type": "orderbook_delta", "seq": 748, "price": 61, "quantity": -1250, "ts": 1756428154.808282, "side": "buy"}
{"type": "orderbook_delta", "seq": 749, "price": 62, "quantity": 1250, "ts": 1756428154.848556, "side": "buy"}
{"type": "orderbook_delta", "seq": 750, "price": 66, "quantity": 500, "ts": 1756428154.848867, "side": "buy"}
{"type": "orderbook_delta", "seq": 751, "price": 71, "quantity": -139, "ts": 1756428155.172877, "side": "sell"}
{"type": "orderbook_delta", "seq": 752, "price": 71, "quantity": -500, "ts": 1756428155.200931, "side": "sell"}
{"type": "orderbook_delta", "seq": 753, "price": 70, "quantity": 139, "ts": 1756428155.211948, "side": "sell"}
{"type": "orderbook_delta", "seq": 754, "price": 73, "quantity": 500, "ts": 1756428155.246436, "side": "sell"}
{"type": "orderbook_delta", "seq": 755, "price": 56, "quantity": 250, "ts": 1756428155.305912, "side": "buy"}
{"type": "orderbook_delta", "seq": 756, "price": 64, "quantity": -250, "ts": 1756428155.308163, "side": "buy"}
{"type": "orderbook_delta", "seq": 757, "price": 75, "quantity": -200, "ts": 1756428155.32033, "side": "sell"}
{"type": "orderbook_delta", "seq": 758, "price": 66, "quantity": -250, "ts": 1756428155.325622, "side": "buy"}
{"type": "orderbook_delta", "seq": 759, "price": 54, "quantity": 250, "ts": 1756428155.325647, "side": "buy"}
{"type": "orderbook_delta", "seq": 760, "price": 66, "quantity": -500, "ts": 1756428155.325901, "side": "buy"}
{"type": "orderbook_delta", "seq": 761, "price": 73, "quantity": -500, "ts": 1756428155.326586, "side": "sell"}
{"type": "orderbook_delta", "seq": 762, "price": 63, "quantity": -200, "ts": 1756428155.337387, "side": "buy"}
{"type": "orderbook_delta", "seq": 763, "price": 62, "quantity": -1250, "ts": 1756428155.339018, "side": "buy"}
{"type": "orderbook_delta", "seq": 764, "price": 59, "quantity": 200, "ts": 1756428155.373658, "side": "buy"}
{"type": "orderbook_delta", "seq": 765, "price": 70, "quantity": 200, "ts": 1756428155.373889, "side": "sell"}
{"type": "orderbook_delta", "seq": 766, "price": 62, "quantity": 500, "ts": 1756428155.375387, "side": "buy"}
{"type": "orderbook_delta", "seq": 767, "price": 58, "quantity": 1250, "ts": 1756428155.376462, "side": "buy"}
{"type": "orderbook_delta", "seq": 768, "price": 69, "quantity": 500, "ts": 1756428155.37676, "side": "sell"}
{"type": "orderbook_delta", "seq": 769, "price": 62, "quantity": -500, "ts": 1756428155.549611, "side": "buy"}
{"type": "orderbook_delta", "seq": 770, "price": 74, "quantity": -100, "ts": 1756428155.558967, "side": "sell"}
{"type": "orderbook_delta", "seq": 771, "price": 71, "quantity": 100, "ts": 1756428155.558967, "side": "sell"}
{"type": "orderbook_delta", "seq": 772, "price": 58, "quantity": -1250, "ts": 1756428155.563021, "side": "buy"}
{"type": "orderbook_delta", "seq": 773, "price": 57, "quantity": 1250, "ts": 1756428155.613755, "side": "buy"}
{"type": "orderbook_delta", "seq": 774, "price": 61, "quantity": 500, "ts": 1756428155.624393, "side": "buy"}
{"type": "orderbook_delta", "seq": 775, "price": 70, "quantity": -200, "ts": 1756428155.685525, "side": "sell"}
{"type": "orderbook_delta", "seq": 776, "price": 69, "quantity": 200, "ts": 1756428155.685525, "side": "sell"}
{"type": "orderbook_delta", "seq": 777, "price": 59, "quantity": -200, "ts": 1756428155.725972, "side": "buy"}
{"type": "orderbook_delta", "seq": 778, "price": 61, "quantity": -500, "ts": 1756428155.726943, "side": "buy"}
{"type": "orderbook_delta", "seq": 779, "price": 57, "quantity": -1250, "ts": 1756428155.727078, "side": "buy"}
{"type": "orderbook_delta", "seq": 780, "price": 69, "quantity": -500, "ts": 1756428155.727185, "side": "sell"}
{"type": "orderbook_delta", "seq": 781, "price": 70, "quantity": -200, "ts": 1756428155.733205, "side": "sell"}
{"type": "orderbook_delta", "seq": 782, "price": 75, "quantity": -1250, "ts": 1756428155.747048, "side": "sell"}
{"type": "orderbook_delta", "seq": 783, "price": 68, "quantity": 500, "ts": 1756428155.766508, "side": "sell"}
{"type": "orderbook_delta", "seq": 784, "price": 59, "quantity": 500, "ts": 1756428155.766788, "side": "buy"}
{"type": "orderbook_delta", "seq": 785, "price": 57, "quantity": 200, "ts": 1756428155.769734, "side": "buy"}
{"type": "orderbook_delta", "seq": 786, "price": 55, "quantity": 1250, "ts": 1756428155.770994, "side": "buy"}
{"type": "orderbook_delta", "seq": 787, "price": 68, "quantity": 200, "ts": 1756428155.771297, "side": "sell"}
{"type": "orderbook_delta", "seq": 788, "price": 69, "quantity": 1250, "ts": 1756428155.791883, "side": "sell"}
{"type": "orderbook_delta", "seq": 789, "price": 62, "quantity": -250, "ts": 1756428155.812485, "side": "buy"}
{"type": "orderbook_delta", "seq": 790, "price": 52, "quantity": 250, "ts": 1756428155.81597, "side": "buy"}
{"type": "orderbook_delta", "seq": 791, "price": 64, "quantity": -100, "ts": 1756428156.053097, "side": "buy"}
{"type": "orderbook_delta", "seq": 792, "price": 61, "quantity": 100, "ts": 1756428156.053097, "side": "buy"}
{"type": "orderbook_delta", "seq": 793, "price": 72, "quantity": 250, "ts": 1756428156.136739, "side": "sell"}
{"type": "orderbook_delta", "seq": 794, "price": 70, "quantity": -139, "ts": 1756428156.167555, "side": "sell"}
{"type": "orderbook_delta", "seq": 795, "price": 68, "quantity": 250, "ts": 1756428156.167602, "side": "sell"}
{"type": "orderbook_delta", "seq": 796, "price": 80, "quantity": -250, "ts": 1756428156.196347, "side": "sell"}
{"type": "orderbook_delta", "seq": 797, "price": 69, "quantity": -200, "ts": 1756428156.201237, "side": "sell"}
{"type": "orderbook_delta", "seq": 798, "price": 68, "quantity": 200, "ts": 1756428156.201237, "side": "sell"}
{"type": "orderbook_delta", "seq": 799, "price": 68, "quantity": -500, "ts": 1756428156.213298, "side": "sell"}
{"type": "orderbook_delta", "seq": 800, "price": 69, "quantity": -1250, "ts": 1756428156.235512, "side": "sell"}
{"type": "orderbook_delta", "seq": 801, "price": 74, "quantity": 250, "ts": 1756428156.236951, "side": "sell"}
{"type": "orderbook_delta", "seq": 802, "price": 78, "quantity": -250, "ts": 1756428156.256781, "side": "sell"}
{"type": "orderbook_delta", "seq": 803, "price": 67, "quantity": 500, "ts": 1756428156.257414, "side": "sell"}
{"type": "orderbook_delta", "seq": 804, "price": 70, "quantity": 250, "ts": 1756428156.257759, "side": "sell"}
{"type": "orderbook_delta", "seq": 805, "price": 82, "quantity": -250, "ts": 1756428156.276577, "side": "sell"}
{"type": "orderbook_delta", "seq": 806, "price": 71, "quantity": 1250, "ts": 1756428156.287557, "side": "sell"}
{"type": "orderbook_delta", "seq": 807, "price": 71, "quantity": -1250, "ts": 1756428156.328815, "side": "sell"}
{"type": "orderbook_delta", "seq": 808, "price": 65, "quantity": 139, "ts": 1756428156.337672, "side": "sell"}
{"type": "orderbook_delta", "seq": 809, "price": 67, "quantity": -500, "ts": 1756428156.441052, "side": "sell"}
{"type": "orderbook_delta", "seq": 810, "price": 69, "quantity": 1250, "ts": 1756428156.441075, "side": "sell"}
{"type": "trade", "seq": 13, "price": 65, "quantity": 139, "ts": 1756428156.441075, "side": "buy"}
{"type": "trade", "seq": 14, "price": 68, "quantity": 139, "ts": 1756428156.445213, "side": "buy"}
{"type": "orderbook_delta", "seq": 811, "price": 65, "quantity": 0, "ts": 1756428156.445213, "side": "sell"}
{"type": "orderbook_delta", "seq": 812, "price": 68, "quantity": 0, "ts": 1756428156.445213, "side": "sell"}
{"type": "orderbook_delta", "seq": 813, "price": 65, "quantity": 500, "ts": 1756428156.521994, "side": "sell"}
{"type": "orderbook_delta", "seq": 814, "price": 65, "quantity": -500, "ts": 1756428156.559622, "side": "sell"}
{"type": "orderbook_delta", "seq": 815, "price": 67, "quantity": 500, "ts": 1756428156.60396, "side": "sell"}
{"type": "orderbook_delta", "seq": 816, "price": 71, "quantity": -100, "ts": 1756428156.819766, "side": "sell"}
{"type": "orderbook_delta", "seq": 817, "price": 69, "quantity": 100, "ts": 1756428156.819766, "side": "sell"}
{"type": "orderbook_delta", "seq": 818, "price": 64, "quantity": 100, "ts": 1756428156.888203, "side": "buy"}
{"type": "orderbook_delta", "seq": 819, "price": 57, "quantity": -200, "ts": 1756428156.960167, "side": "buy"}
{"type": "orderbook_delta", "seq": 820, "price": 68, "quantity": -61, "ts": 1756428156.964374, "side": "sell"}
{"type": "orderbook_delta", "seq": 821, "price": 56, "quantity": 200, "ts": 1756428156.999879, "side": "buy"}
{"type": "orderbook_delta", "seq": 822, "price": 67, "quantity": 200, "ts": 1756428157.000191, "side": "sell"}
{"type": "orderbook_delta", "seq": 823, "price": 64, "quantity": -100, "ts": 1756428158.374692, "side": "buy"}
{"type": "orderbook_delta", "seq": 824, "price": 62, "quantity": 100, "ts": 1756428158.580041, "side": "buy"}
{"type": "orderbook_delta", "seq": 825, "price": 67, "quantity": -200, "ts": 1756428159.092026, "side": "sell"}
{"type": "orderbook_delta", "seq": 826, "price": 56, "quantity": -200, "ts": 1756428159.094742, "side": "buy"}
{"type": "orderbook_delta", "seq": 827, "price": 57, "quantity": 200, "ts": 1756428159.120238, "side": "buy"}
{"type": "orderbook_delta", "seq": 828, "price": 68, "quantity": 200, "ts": 1756428159.122738, "side": "sell"}
{"type": "orderbook_delta", "seq": 829, "price": 69, "quantity": -1250, "ts": 1756428160.249362, "side": "sell"}
{"type": "orderbook_delta", "seq": 830, "price": 59, "quantity": -500, "ts": 1756428160.252012, "side": "buy"}
{"type": "orderbook_delta", "seq": 831, "price": 70, "quantity": 1250, "ts": 1756428160.292826, "side": "sell"}
{"type": "orderbook_delta", "seq": 832, "price": 60, "quantity": 500, "ts": 1756428160.294486, "side": "buy"}
{"type": "orderbook_delta", "seq": 833, "price": 69, "quantity": -100, "ts": 1756428160.754397, "side": "sell"}
{"type": "orderbook_delta", "seq": 834, "price": 70, "quantity": 100, "ts": 1756428160.754397, "side": "sell"}
{"type": "orderbook_delta", "seq": 835, "price": 62, "quantity": -100, "ts": 1756428160.988772, "side": "buy"}
{"type": "orderbook_delta", "seq": 836, "price": 68, "quantity": -200, "ts": 1756428161.086377, "side": "sell"}
{"type": "orderbook_delta", "seq": 837, "price": 60, "quantity": -500, "ts": 1756428161.087064, "side": "buy"}
{"type": "orderbook_delta", "seq": 838, "price": 70, "quantity": -1250, "ts": 1756428161.087195, "side": "sell"}
{"type": "orderbook_delta", "seq": 839, "price": 57, "quantity": -200, "ts": 1756428161.087287, "side": "buy"}
{"type": "orderbook_delta", "seq": 840, "price": 55, "quantity": -1250, "ts": 1756428161.123966, "side": "buy"}
{"type": "orderbook_delta", "seq": 841, "price": 52, "quantity": -250, "ts": 1756428161.14025, "side": "buy"}
{"type": "orderbook_delta", "seq": 842, "price": 62, "quantity": 250, "ts": 1756428161.147803, "side": "buy"}
{"type": "orderbook_delta", "seq": 843, "price": 78, "quantity": 250, "ts": 1756428161.167026, "side": "sell"}
{"type": "orderbook_delta", "seq": 844, "price": 68, "quantity": -250, "ts": 1756428161.167344, "side": "sell"}
{"type": "orderbook_delta", "seq": 845, "price": 57, "quantity": 1250, "ts": 1756428161.185498, "side": "buy"}
{"type": "orderbook_delta", "seq": 846, "price": 58, "quantity": 200, "ts": 1756428161.185859, "side": "buy"}
{"type": "orderbook_delta", "seq": 847, "price": 69, "quantity": 200, "ts": 1756428161.187087, "side": "sell"}
{"type": "orderbook_delta", "seq": 848, "price": 61, "quantity": 500, "ts": 1756428161.187419, "side": "buy"}
{"type": "orderbook_delta", "seq": 849, "price": 71, "quantity": 1250, "ts": 1756428161.18808, "side": "sell"}
{"type": "orderbook_delta", "seq": 850, "price": 61, "quantity": -100, "ts": 1756428161.207514, "side": "buy"}
{"type": "orderbook_delta", "seq": 851, "price": 63, "quantity": 100, "ts": 1756428161.207514, "side": "buy"}
{"type": "orderbook_delta", "seq": 852, "price": 62, "quantity": -250, "ts": 1756428161.229532, "side": "buy"}
{"type": "orderbook_delta", "seq": 853, "price": 63, "quantity": 100, "ts": 1756428161.255066, "side": "buy"}
{"type": "orderbook_delta", "seq": 854, "price": 63, "quantity": -100, "ts": 1756428161.289019, "side": "buy"}
{"type": "orderbook_delta", "seq": 855, "price": 62, "quantity": 100, "ts": 1756428161.289019, "side": "buy"}
{"type": "orderbook_delta", "seq": 856, "price": 61, "quantity": -500, "ts": 1756428161.329375, "side": "buy"}
{"type": "orderbook_delta", "seq": 857, "price": 57, "quantity": -1250, "ts": 1756428161.329689, "side": "buy"}
{"type": "orderbook_delta", "seq": 858, "price": 71, "quantity": -1250, "ts": 1756428161.351907, "side": "sell"}
{"type": "orderbook_delta", "seq": 859, "price": 56, "quantity": 1250, "ts": 1756428161.398143, "side": "buy"}
{"type": "orderbook_delta", "seq": 860, "price": 70, "quantity": 1250, "ts": 1756428161.41548, "side": "sell"}
{"type": "orderbook_delta", "seq": 861, "price": 60, "quantity": 500, "ts": 1756428161.416327, "side": "buy"}
{"type": "orderbook_delta", "seq": 862, "price": 66, "quantity": 100, "ts": 1756428161.951844, "side": "sell"}
{"type": "orderbook_delta", "seq": 863, "price": 67, "quantity": -500, "ts": 1756428161.994324, "side": "sell"}
{"type": "orderbook_delta", "seq": 864, "price": 66, "quantity": 500, "ts": 1756428162.036026, "side": "sell"}
{"type": "orderbook_delta", "seq": 865, "price": 69, "quantity": -200, "ts": 1756428162.218248, "side": "sell"}
{"type": "orderbook_delta", "seq": 866, "price": 58, "quantity": -200, "ts": 1756428162.218886, "side": "buy"}
{"type": "orderbook_delta", "seq": 867, "price": 68, "quantity": 200, "ts": 1756428162.260632, "side": "sell"}
{"type": "orderbook_delta", "seq": 868, "price": 57, "quantity": 200, "ts": 1756428162.261351, "side": "buy"}
{"type": "orderbook_delta", "seq": 869, "price": 68, "quantity": -200, "ts": 1756428163.273758, "side": "sell"}
{"type": "orderbook_delta", "seq": 870, "price": 57, "quantity": -200, "ts": 1756428163.309803, "side": "buy"}
{"type": "orderbook_delta", "seq": 871, "price": 69, "quantity": 200, "ts": 1756428163.356497, "side": "sell"}
{"type": "orderbook_delta", "seq": 872, "price": 58, "quantity": 200, "ts": 1756428163.466183, "side": "buy"}
{"type": "orderbook_delta", "seq": 873, "price": 70, "quantity": -100, "ts": 1756428164.167932, "side": "sell"}
{"type": "orderbook_delta", "seq": 874, "price": 68, "quantity": 100, "ts": 1756428164.167932, "side": "sell"}
{"type": "orderbook_delta", "seq": 875, "price": 62, "quantity": -100, "ts": 1756428164.292539, "side": "buy"}
{"type": "orderbook_delta", "seq": 876, "price": 61, "quantity": 100, "ts": 1756428164.292539, "side": "buy"}
{"type": "orderbook_delta", "seq": 877, "price": 66, "quantity": 0, "ts": 1756428165.341064, "side": "sell"}
{"type": "trade", "seq": 15, "price": 66, "quantity": 1, "ts": 1756428165.507042, "side": "buy"}
{"type": "orderbook_delta", "seq": 878, "price": 68, "quantity": -200, "ts": 1756428165.507042, "side": "sell"}
{"type": "orderbook_delta", "seq": 879, "price": 69, "quantity": 200, "ts": 1756428165.507042, "side": "sell"}
{"type": "orderbook_delta", "seq": 880, "price": 69, "quantity": -200, "ts": 1756428165.700049, "side": "sell"}
{"type": "orderbook_delta", "seq": 881, "price": 58, "quantity": -200, "ts": 1756428165.700108, "side": "buy"}
{"type": "orderbook_delta", "seq": 882, "price": 68, "quantity": 200, "ts": 1756428165.743349, "side": "sell"}
{"type": "orderbook_delta", "seq": 883, "price": 57, "quantity": 200, "ts": 1756428165.755037, "side": "buy"}
{"type": "orderbook_delta", "seq": 884, "price": 57, "quantity": -200, "ts": 1756428166.520761, "side": "buy"}
{"type": "orderbook_delta", "seq": 885, "price": 68, "quantity": -200, "ts": 1756428166.523421, "side": "sell"}
{"type": "orderbook_delta", "seq": 886, "price": 58, "quantity": 200, "ts": 1756428166.58061, "side": "buy"}
{"type": "orderbook_delta", "seq": 887, "price": 69, "quantity": 200, "ts": 1756428166.584285, "side": "sell"}
{"type": "orderbook_delta", "seq": 888, "price": 58, "quantity": -200, "ts": 1756428166.688014, "side": "buy"}
{"type": "orderbook_delta", "seq": 889, "price": 69, "quantity": -200, "ts": 1756428166.688484, "side": "sell"}
{"type": "orderbook_delta", "seq": 890, "price": 57, "quantity": 200, "ts": 1756428166.722042, "side": "buy"}
{"type": "orderbook_delta", "seq": 891, "price": 68, "quantity": 200, "ts": 1756428166.751773, "side": "sell"}
