{"type":"orderbook_snapshot","sid":1,"seq":1,"msg":{"market_ticker":"KXBTCD-25AUG1900-T114999.99","market_id":"8aeb1637-3ee0-4816-9200-f6444e681689","yes":[[3,1000],[4,8000],[6,80000],[28,250],[30,450],[32,250],[34,250],[35,1250],[36,250],[37,450],[38,78],[39,500]],"no":[[1,25],[2,8100],[3,2000],[6,80000],[10,50],[11,8000],[46,250],[48,250],[50,1500],[52,450],[54,250],[55,700],[57,400]]}}
{"type":"orderbook_delta","sid":1,"seq":3,"msg":{"market_ticker":"KXBTCD-25AUG1900-T115499.99","market_id":"6eb4bdd0-5ec2-4aee-bd49-64833803c450","price":96,"delta":-200,"side":"no","ts":"2025-08-19T03:48:31.8854Z"}}
{"type":"orderbook_delta","sid":1,"seq":4,"msg":{"market_ticker":"KXBTCD-25AUG1900-T115499.99","market_id":"6eb4bdd0-5ec2-4aee-bd49-64833803c450","price":97,"delta":200,"side":"no","ts":"2025-08-19T03:48:31.8854Z"}}
{"type":"orderbook_delta","sid":1,"seq":5,"msg":{"market_ticker":"KXBTCD-25AUG1900-T115499.99","market_id":"6eb4bdd0-5ec2-4aee-bd49-64833803c450","price":97,"delta":-3,"side":"no","ts":"2025-08-19T03:48:37.509023Z"}}
{"type":"trade","sid":1,"seq":1,"msg":{"trade_id":"5a462d20-9e43-46a9-9b87-aed5cdb7739c","market_ticker":"KXBTCD-25AUG1900-T115499.99","yes_price":3,"no_price":97,"count":3,"taker_side":"yes","ts":1755575317}}
{"type":"orderbook_delta","sid":1,"seq":6,"msg":{"market_ticker":"KXBTCD-25AUG1900-T115499.99","market_id":"6eb4bdd0-5ec2-4aee-bd49-64833803c450","price":97,"delta":-200,"side":"no","ts":"2025-08-19T03:48:38.382781Z"}}
{"type":"orderbook_delta","sid":1,"seq":7,"msg":{"market_ticker":"KXBTCD-25AUG1900-T115499.99","market_id":"6eb4bdd0-5ec2-4aee-bd49-64833803c450","price":96,"delta":200,"side":"no","ts":"2025-08-19T03:48:38.382781Z"}}
{"type":"orderbook_delta","sid":1,"seq":2,"msg":{"market_ticker":"KXBTCD-25AUG1900-T114999.99","market_id":"8aeb1637-3ee0-4816-9200-f6444e681689","price":37,"delta":-200,"side":"yes","ts":"2025-08-19T03:49:09.658623444Z"}}
{"type":"orderbook_delta","sid":1,"seq":3,"msg":{"market_ticker":"KXBTCD-25AUG1900-T114999.99","market_id":"8aeb1637-3ee0-4816-9200-f6444e681689","price":52,"delta":-200,"side":"no","ts":"2025-08-19T03:49:09.670579575Z"}}
{"type":"orderbook_delta","sid":1,"seq":4,"msg":{"market_ticker":"KXBTCD-25AUG1900-T114999.99","market_id":"8aeb1637-3ee0-4816-9200-f6444e681689","price":50,"delta":-1250,"side":"no","ts":"2025-08-19T03:49:09.671593735Z"}}
{"type":"orderbook_delta","sid":1,"seq":5,"msg":{"market_ticker":"KXBTCD-25AUG1900-T114999.99","market_id":"8aeb1637-3ee0-4816-9200-f6444e681689","price":36,"delta":200,"side":"yes","ts":"2025-08-19T03:49:09.725648Z"}}
{"type":"orderbook_delta","sid":1,"seq":6,"msg":{"market_ticker":"KXBTCD-25AUG1900-T114999.99","market_id":"8aeb1637-3ee0-4816-9200-f6444e681689","price":53,"delta":200,"side":"no","ts":"2025-08-19T03:49:09.7318Z"}}
{"type":"orderbook_delta","sid":1,"seq":7,"msg":{"market_ticker":"KXBTCD-25AUG1900-T114999.99","market_id":"8aeb1637-3ee0-4816-9200-f6444e681689","price":51,"delta":1250,"side":"no","ts":"2025-08-19T03:49:09.735541Z"}}
{"type":"orderbook_delta","sid":1,"seq":8,"msg":{"market_ticker":"KXBTCD-25AUG1900-T114999.99","market_id":"8aeb1637-3ee0-4816-9200-f6444e681689","price":37,"delta":-250,"side":"yes","ts":"2025-08-19T03:49:10.323807789Z"}}
